3131 5037
1100 1773 1395 1848 CAPUT
1453 1769 1932 1845 SECUNDUM

624 2001 823 2053 QUAM
862 2000 1098 2043 LONGE
1135 1999 1357 2042 INTER
1388 1997 1470 2039 SE
1507 1997 1885 2041 AUCTORES
1922 1999 2009 2040 DE
2043 1999 2375 2044 TEMPORE

447 2089 586 2141 QUO
634 2088 1014 2133 LYCURGUS
1059 2087 1377 2139 v1xER1T‚
1420 2085 1854 2135 OMNINOQUE
1902 2086 1991 2128 DE
2030 2087 2350 2131 LYCURGI
2385 2090 2579 2143 VITA,

1266 2178 1748 2221 DISSENTIANT

539 2468 765 2554 Quum
793 2492 831 2542 e
860 2468 1090 2564 priore
1117 2469 1339 2563 capito
1369 2466 1671 2563 aliquem
1706 2465 1920 2540 fuisse
1959 2468 2365 2565 Lycurgum
2410 2491 2577 2541 con-

443 2595 636 2690 sequi
706 2594 1046 2683 videatur,
1098 2602 1315 2665 restat
1356 2602 1430 2666 ut
1485 2604 1651 2665 ante
1703 2594 1935 2665 omnia
1987 2617 2140 2689 quae
2181 2605 2455 2666 veteres
2492 2595 2580 2666 de

445 2720 601 2813 ejus
656 2728 862 2792 aetate
908 2718 1456 2815 exprompserint
1501 2720 2005 2791 examinemus,
2148 2818 2153 2823 p
2435 2719 2438 2720 ⁷

545 2844 726 2916 Illud
761 2844 950 2916 enim
994 2866 1226 2937 operae
1274 2844 1574 2938 pretium
1631 2844 1787 2924 erit,
1842 2834 2237 2939 quanquam
2277 2866 2428 2914 rem
2463 2867 2587 2940 pro

443 2968 780 3063 peculiari
810 2947 1343 3063 partenondum
1375 2976 1679 3040 tractare
1723 2968 2181 3062 suscipiemus
2212 2977 2281 3039 et
2331 2990 2585 3063 super-

447 3092 846 3164 sedebimus
884 3092 1233 3187 propriam
1294 3102 1603 3164 nostram
1658 3093 2047 3188 opinionem
2115 3091 2457 3187 proferre.
2513 3093 2588 3164 Si

448 3217 604 3314 quis
644 3228 880 3290 autem
920 3217 1205 3289 miratur
1233 3217 1420 3314 quod
1465 3226 1740 3290 tanturn
1796 3217 2052 3289 ibidem
2103 3218 2581 3306 immoremur,

451 3342 840 3414 consideret
903 3342 1187 3413 maximi
1241 3342 1328 3414 ad
1383 3321 1810 3436 propositum
1877 3351 2196 3416 nostrum
2255 3341 2586 3414 momenti

450 3490 603 3539 esse
652 3476 973 3539 accurate
1029 3476 1304 3560 tempus
1356 3490 1494 3562 quo
1541 3467 1796 3538 vixerit
1844 3467 2211 3561 Lycurgus
2262 3465 2582 3558 definire,

450 3620 663 3692 quum
712 3617 997 3667 necesse
1043 3595 1134 3665 sit
1178 3617 1388 3691 quem
1438 3596 1592 3689 quis
1650 3592 1983 3688 effingere
2034 3594 2223 3687 cupit
2263 3617 2388 3665 suo
2435 3593 2586 3665 loco

453 3731 745 3816 reponat
786 3728 853 3792 et
906 3720 981 3790 in
1036 3719 1279 3791 mediis
1325 3718 1471 3791 illis
1526 3719 1742 3791 rebus
1787 3720 2108 3820 restituat
2150 3718 2271 3790 ubi
2325 3719 2589 3812 ingenii

452 3846 637 3918 vires
703 3846 1146 3936 exercuerit3
1218 3868 1356 3940 qua
1413 3867 1582 3916 cura
1639 3844 1987 3938 neglecta,
2041 3844 2338 3916 maxime
2404 3845 2589 3916 inter

451 3994 527 4042 se
555 3970 946 4065 pugnantia
985 3971 1073 4042 de
1123 3979 1450 4064 Spartano
1487 3969 1894 4062 legislatore
1934 3969 2374 4063 protulerunt
2420 3991 2586 4039 auc-

453 4107 659 4168 tores,

554 4220 892 4294 Herodoti
944 4221 1421 4294 testimonium
1450 4229 1598 4292 tum
1646 4221 1885 4314 magni
1932 4219 2390 4311 discriminiS‚
2441 4228 2591 4291 tum

457 4345 1006 4440 antiquissimum
1034 4354 1182 4435 est3
1218 4346 1366 4439 qui,
1420 4368 1636 4440 quum
1682 4345 1975 4440 inquirit
2021 4345 2207 4416 unde
2246 4344 2591 4437 originem
