3131 5037
562 569 622 618 70
1372 570 1472 618 DE
1517 569 1901 621 LYCURGO

563 706 885 769 auctores
917 697 1383 791 disceptatum
1415 707 1546 785 est,
1584 708 1657 769 ut
1689 721 1828 769 non
1855 700 2050 792 prius
2079 699 2166 770 ab
2194 700 2296 770 eis
2326 700 2707 796 quidquam

561 821 882 893 utilitatis
960 844 1214 916 capere
1293 823 1705 911 audeamuS,
1782 847 1993 919 quam
2061 824 2706 897 examinaverimus

561 956 796 1018 utrum
828 969 1077 1018 revera
1112 970 1153 1019 a
1193 947 1522 1042 Lycurgo
1556 948 1906 1042 originem
1946 947 2234 1038 ducant,
2268 972 2357 1021 an
2394 973 2435 1022 a
2473 947 2701 1022 falsa-

561 1073 665 1143 rio
695 1071 990 1166 quodam
1020 1072 1245 1165 perito
1276 1070 1640 1143 fabricatae
1682 1071 1970 1145 fuerint.

661 1198 977 1281 Quatuor
1001 1197 1185 1291 apud
1219 1197 1681 1270 Plutarchum
1712 1199 2010 1270 νῆα-νας
2044 1201 2474 1294 perscriptas
2503 1200 2701 1270 inve-

561 1324 834 1395 nimus:
876 1346 1167 1419 quarum
1201 1346 1443 1414 unam,
1471 1348 1628 1419 quae
1667 1325 1963 1396 multum
1985 1324 2075 1397 ad
2125 1324 2532 1420 reipublicae
2575 1349 2701 1397 or·-

558 1450 796 1521 dinem
858 1448 1422 1542 cognoscendum
1473 1449 1763 1543 profert,
1823 1450 2120 1534 ulterius
2159 1452 2695 1544 explicabimus3

559 1598 747 1647 nunc
774 1573 1151 1645 videndum
1190 1575 1360 1670 quid
1395 1576 1537 1647 sint
1576 1575 1721 1646 illae
1770 1600 1940 1671 quas
1968 1578 2072 1656 τοὶς
2117 1581 2270 1673 τρεῖς
2310 1576 2530 1673 ῥητράς
2563 1601 2702 1649 no·-

559 1702 825 1774 minare
855 1700 1083 1773 solent
1111 1709 1431 1773 auctores
1454 1699 1504 1770 ¹.
1542 1702 1717 1772 Haec
1755 1702 1842 1774 de
1871 1703 1973 1774 eis
2001 1704 2189 1797 apud
2236 1703 2702 1775 Plutarchum

556 1829 1009 1899 invenimus:
1062 1827 1318 1920 LegeS,
1377 1828 1602 1923 inquit
1631 1823 1683 1917 2,
1743 1828 2056 1923 scriptas
2113 1811 2506 1930 Lycurgus
2556 1853 2702 1900 non

547 1954 825 2050 posuit,
860 1937 1076 2042 atque
1104 1955 1233 2024 hoc
1276 1953 1514 2048 ipsum
1561 1953 1641 2024 in
1688 1944 1840 2025 un'a
1877 1956 2306 2026 rhetrarum
2360 1979 2542 2049 quas
2573 1979 2701 2026 vo-

556 2088 731 2150 cant
755 2088 1056 2150 cautum
1080 2087 1274 2150 est...
1305 2080 1484 2149 Alia
1512 2078 1662 2170 fuit
1679 2078 1771 2149 de
1799 2079 2226 2174 sumphbm,
2263 2103 2406 2167 qua
2430 2078 2702 2174 praeci-
2806 2109 2809 2110 ⁷

554 2202 904 2297 piebalur
939 2213 1020 2275 ut
1062 2204 1294 2274 omnis
1351 2203 1607 2274 domus
1662 2204 2046 2299 fastiqium
2084 2204 2330 2275 securi
2377 2213 2697 2295 tantum,

553 2332 753 2422 fores
780 2331 935 2401 sola
967 2353 1208 2418 serra,
1254 2329 1456 2400 nullo
1503 2328 1650 2400 alio
1696 2329 2179 2400 instrumento
2218 2331 2696 2401 adornaren-

557 2464 772 2530 ίαν...
824 2454 1080 2526 Tertia
1114 2456 1374 2527 rhetra
1414 2455 1845 2559 LycurquS,
1883 2463 1961 2526 ut
1995 2454 2409 2550 perhibent,
2467 2454 2701 2549 vetuit

554 2580 818 2676 saepius
857 2580 1129 2651 bellum
1158 2580 1418 2652 iisdem
1442 2579 1758 2651 hostibus
1788 2580 2105 2673 inferre.

582 2739 593 2754 ·‘
656 2708 886 2801 Leges
953 2705 1113 2778 illas
1185 2706 1641 2777 Plutarchum
1709 2706 1780 2776 in
1844 2730 1982 2778 uno
2041 2707 2426 2803 eodemque
2470 2709 2697 2801 capite

555 2834 1038 2923 connexuisse,
1067 2843 1135 2904 et
1159 2833 1437 2904 nomine
1468 2826 1701 2904 trium
1729 2835 2157 2903 rlzetrarum
2178 2832 2501 2927 pluribus
2525 2833 2699 2904 locis

556 2955 1184 3051 comprehendisse,
1258 2979 1300 3027 a
1377 2954 1697 3051 pluribus
1771 2957 2172 3029 auctoribus
2241 2943 2699 3031 animadver—

556 3106 710 3154 sum
757 3091 861 3153 est
901 3105 915 3151 :
968 3104 1262 3176 quorum
1315 3082 1603 3177 quidam
1642 3104 1683 3153 a
1731 3082 2061 3177 Lycurgo
2107 3082 2342 3154 nullas
2391 3106 2697 3176 unquam

553 3207 729 3279 alias
793 3206 991 3298 leges
1046 3205 1241 3278 datas
1330 3206 1542 3277 fuisse
1601 3206 2136 3278 contenderunt.
2205 3207 2393 3278 Huic
2455 3230 2695 3280 eorum

502 3424 517 3436 ,.
553 3331 862 3427 opinioni
892 3354 1031 3402 non
1062 3331 1384 3426 equidem
1424 3331 1810 3418 subscribo,
1852 3354 1981 3402 nec
2009 3336 2429 3426 quemquam
2453 3354 2696 3404 assen-

553 3458 669 3529 tiri
718 3479 922 3550 posse
961 3455 1295 3542 arbitror,
1365 3455 1798 3541 considerato
1847 3456 2074 3548 magis
2125 3456 2479 3552 propriam
2540 3479 2695 3530 esse

553 3592 953 3677 spartanam
1017 3580 1206 3651 illam
1278 3581 1366 3652 ab
1421 3581 1740 3652 omnibus
1797 3580 2197 3652 auctoribus
2242 3580 2695 3675 praedicatam

546 3868 575 3906 -’
614 3870 629 3906 ¹
670 3869 838 3920 Pnuw.
863 3871 1045 3931 Α9έ3.,
1080 3868 1267 3919 XXVI.
1293 3895 1341 3904 —
1384 3870 1463 3918 De
1488 3882 1585 3918 esu
1610 3870 1824 3927 carniS,
1856 3869 1920 3927 11,
1959 3868 2005 3918 1.

614 3950 637 3986 ²
670 3951 839 4017 Ριυτ,
883 3951 1037 4013 Lyc„
1072 3950 1194 3998 XIII
1232 3963 1245 3998 ε
1281 3950 1478 4015 Νόμους
1509 3950 1561 4000 δέ
1593 3950 1962 4016 γεγραμμένους
1993 3950 2019 3999 ὀ
2055 3952 2340 4015 Λυκοῦργος
2374 3941 2692 4008 οὐκ-ἔθηκεν,

552 4026 678 4082 ἄλλα
709 4033 797 4096 μία
830 4038 931 4081 τῶν
964 4030 1283 4094 καλουμένων
1317 4026 1510 4096 ῥητρῶν
1552 4029 1686 4079 ἔστιν
1730 4027 1919 4091 αὕτη...
1970 4028 2145 4094 Ἑτέρα
2174 4029 2225 4078 δὲ
2253 4027 2402 4078 πάλιν
2434 4029 2566 4077 κατὰ
2606 4030 2692 4087 τῆς

550 4113 887 4174 πολυτελείας,
923 4112 1055 4168 ὅπως
1089 4112 1224 4161 οἰκία
1270 4117 1410 4161 πᾶσα
1448 4109 1539 4173 τὴν
1589 4109 1673 4172 μὲν
1720 4109 1902 4176 ὀροφὴν
1937 4103 2038 4159 ἀπὸ
2074 4108 2319 4165 πελέκεως
2364 4106 2689 4174 εἰργασμένην

552 4195 663 4259 ἔχῃ,
713 4194 798 4251 τὰς
826 4193 878 4242 δὲ
907 4191 1052 4258 θύρας
1094 4185 1193 4241 ἀπὸ
1244 4193 1441 4256 πρίονος
1482 4188 1636 4252 μόνου
1673 4190 1756 4239 καὶ
1801 4190 2003 4254 μηδενὸς
2036 4193 2129 4238 τῶν
2161 4190 2321 4239 ἄλλων
2361 4183 2693 4255 ἐργαλείων...

550 4274 725 4337 Τρίτην
764 4273 816 4323 δὲ
856 4268 1038 4339 ῥήτραν
1078 4273 1524 4335 διαμνημονεύουσι
1556 4276 1644 4320 τοῦ
1674 4270 1990 4334 Λυκούργου,
2018 4266 2106 4331 τὴν
2128 4270 2424 4319 κωλύουσαν
2459 4262 2540 4318 ἐπὶ
2574 4267 2692 4324 τοὺς

543 4347 735 4411 ἀὐτοὺς
763 4353 1029 4416 πολεμίους
1052 4350 1354 4418 στρατεύειν,
1384 4351 1466 4401 ἵνα
1494 4352 1560 4414 μὴ
1590 4347 1826 4407 πολλάκις
1848 4343 2117 4412 ἀμύνεσθαι
2144 4349 2409 4412 πολεμικοὶ
2437 4347 2690 4412 γένωνται.
