3131 5037
566 596 629 649 86
773 630 779 637 .
1384 593 1484 644 DE
1525 593 1906 646 LYCURGO

663 728 816 799 Res
838 725 1059 819 igitur
1081 724 1203 795 illa
1232 745 1444 819 quum
1465 715 1754 794 enodari
1774 746 1917 795 non
1948 722 2207 813 valeat,
2238 724 2394 796 haec
2412 724 2706 818 quaestio

565 850 776 938 subit,
822 872 1031 945 quam
1067 847 1376 920 nondum
1420 848 1792 919 historicos
1831 848 2271 920 tractandam
2312 848 2706 943 suscepisse

563 975 734 1047 mihi
764 974 1066 1061 videtur,
1097 974 1366 1046 scilicet
1397 976 1849 1069 quamobrem
1880 976 2255 1070 Lycurgus
2284 977 2357 1046 in
2382 974 2706 1067 longiore

563 1099 686 1171 illa
732 1101 990 1171 rhetra
1045 1098 1131 1170 de
1176 1089 1389 1194 φυλαῖς
1428 1098 1706 1193 quidem
1761 1109 1827 1171 et
1876 1098 2100 1192 α’βαῖς,
2138 1122 2279 1170 non
2335 1109 2569 1170 autem
2616 1098 2705 1171 de

563 1224 752 1317 γένεσι
783 1224 896 1297 vel
925 1221 1199 1319 τριακάσι
1231 1225 1480 1317 egerit.

661 1348 814 1421 Etsi
829 1349 1106 1422 nullum
1125 1350 1213 1420 ad
1229 1349 1627 1443 opinionem
1645 1349 2061 1420 firmandam
2082 1358 2432 1421 auctorem
2448 1348 2705 1420 afferre

563 1476 857 1566 valeam,
892 1498 1305 1569 persuasum
1342 1473 1568 1545 habeo
1609 1472 1869 1547 factum
1903 1439 2081 1547 esse⁸
2103 1485 2180 1548 ut
2214 1497 2340 1569 per
2374 1473 2704 1567 irruptio·

562 1601 672 1671 nis
720 1599 1093 1673 tumultum
1143 1598 1444 1691 gentiles
1479 1621 1733 1689 nexus,
1789 1600 1908 1695 qui
1953 1623 1994 1672 e
2038 1599 2457 1692 cognatione
2522 1622 2703 1692 prae-

563 1725 805 1796 sertim
856 1722 1279 1818 pendebant,
1322 1725 1852 1794 remitterentur
1888 1749 1903 1794 ε
1951 1725 2025 1794 hi
2077 1724 2263 1795 enim
2301 1720 2545 1812 ὃμόσιτοι
2588 1723 2707 1795 vel

558 1848 864 1940 ὁμόκαπνοι
902 1849 989 1921 de
1020 1850 1265 1944 quibus
1283 1849 1435 1942 jam
1465 1855 1669 1920 antea
1697 1859 1929 1921 actum
1955 1859 2088 1941 est,
2137 1875 2272 1946 quo
2303 1849 2506 1921 modo
2548 1846 2701 1919 fieri

560 1976 864 2069 potuerit
891 1984 970 2046 ut
1020 1998 1146 2068 per
1199 1971 1649 2045 difficultates
1693 1973 2142 2070 periculaque
2187 1974 2405 2063 illius,
2442 1997 2600 2069 quae
2656 1995 2699 2044 a

447 2135 448 2138 ¹
559 2099 1090 2194 septentrionali
1144 2098 1442 2171 Graeciae
1501 2110 1696 2192 parte
1743 2100 1829 2170 ad
1876 2100 2237 2172 meridiem
2295 2100 2538 2171 effecta
2593 2107 2702 2170 est

560 2224 1024 2317 migrationis,
1075 2247 1349 2319 semper
1378 2225 1732 2318 conjuncti
1781 2235 2149 2297 manerent
2174 2230 2199 2295 Ζ
2228 2223 2701 2309 Quamobrem

560 2350 923 2421 societates
987 2347 1147 2420 illas
1211 2348 1544 2442 paulatim
1601 2349 1972 2421 dissolutas
2032 2348 2251 2421 fuisse
2304 2349 2702 2443 conjectare

469 2548 472 2551 ,
559 2470 751 2563 licet,
820 2496 1032 2569 quum
1089 2473 1307 2544 multo
1372 2471 1599 2566 magis
1657 2474 1797 2546 dux
1842 2474 2097 2547 milites
2142 2474 2232 2547 ad
2287 2497 2364 2546 se
2417 2495 2696 2564 vocare,

561 2599 763 2670 miles
815 2599 1183 2692 egregium
1216 2597 1352 2668 sibi
1401 2598 1648 2670 ducem
1678 2600 1943 2693 eligere
1974 2607 2455 2694 anteponeret,
2491 2620 2702 2694 quam

559 2712 775 2794 nodos
807 2723 964 2795 illos
993 2724 1330 2816 jungere,
1376 2724 1489 2816 qui
1533 2724 1765 2816 potius
1824 2725 1907 2794 ad
1948 2724 2436 2796 rusticantium
2493 2746 2698 2818 quam

558 2850 648 2920 ad
685 2848 1089 2920 bellantium
1118 2847 1528 2942 populorum
1565 2858 1821 2918 statum
1854 2849 2321 2943 pertinebant.

654 2952 856 3044 Hanc
919 2994 1203 3042 causam
1272 2950 1487 3042 fuisse
1558 2973 1862 3043 arbitror
1918 2996 2040 3043 cur
2102 2996 2189 3045 ne
2247 2973 2700 3045 nominentur

558 3097 835 3192 quidem
863 3099 938 3167 in
964 3098 1220 3168 rhetra
1246 3092 1581 3190 τριακάδες.
1616 3096 1756 3169 Eas
1784 3098 2149 3192 Lycurgus
2185 3121 2324 3169 non
2359 3098 2695 3187 abolevit,

455 3278 460 3283 .
559 3225 711 3316 sed,
779 3246 860 3295 eo
936 3223 1120 3318 quod
1194 3244 1332 3292 non
1395 3221 1861 3312 confirmavit,
1939 3225 2257 3315 graviter
2313 3225 2692 3315 concussit,

560 3372 777 3444 eoque
812 3347 1083 3420 facilius
1114 3347 1477 3417 societates
1508 3369 1676 3440 quas
1711 3347 2084 3419 adamabat
2102 3350 2406 3442 jungere
2440 3348 2692 3441 potuit,

557 3474 1108 3568 uniuscujusque
1171 3471 1603 3565 cooptatione
1669 3470 1972 3543 effectas.
2043 3473 2388 3545 Obsoletis
2465 3472 2693 3566 igitur

554 3599 770 3694 γένεσι,
818 3622 898 3671 eo
941 3599 1161 3692 major
1197 3596 1380 3668 facta
1436 3604 1540 3666 est
1579 3597 1963 3688 primorum
2012 3598 2265 3668 civium
2319 3597 2698 3670 auctoritas

558 3724 987 3796 doriensium
1028 3721 1539 3806 achaeorumve‚
1587 3720 1730 3813 qui,
1766 3744 1897 3814 quo
1936 3720 2299 3793 divitiores
2336 3722 2694 3815 potentio—

558 3870 811 3943 resque
839 3853 1064 3935 erant,
1098 3868 1180 3916 eo
1208 3843 1452 3937 plures
1478 3843 1795 3915 homines
1824 3845 1897 3914 in
1922 3845 2133 3916 fidem
2159 3846 2695 3941 clientelamque

557 3995 754 4044 suam
784 3969 1235 4073 recipiebant.
1273 3966 1453 4052 Quid
1484 3967 1736 4038 mirum
1777 3969 2024 4062 igitur,
2068 3994 2274 4066 quam
2306 3972 2696 4067 patrissat--

558 4097 805 4169 milias
845 4095 1086 4167 titulus
1121 4094 1285 4164 olim
1325 4091 1810 4186 suppeditabat
1842 4095 2344 4186 auctoritatem,
2400 4095 2492 4167 ad
2530 4095 2696 4170 illos

556 4222 837 4294 venisse
876 4219 994 4314 qui
1037 4215 1438 4288 divitiarum
1476 4217 1890 4309 praestantia
1930 4218 2301 4292 valerent?

654 4345 794 4418 Sed
813 4342 1215 4440 priusquam
1244 4337 1605 4411 videamus
1626 4351 1958 4433 quantum
1986 4364 2071 4413 ex
2091 4344 2219 4415 hac
2246 4347 2693 4420 animadver-
