3131 5037
1162 614 1431 666 CAPUT
1475 613 1921 666 SECUNDUM
2554 616 2614 664 15

477 740 555 811 in
643 743 1008 838 Lycurqi,
1052 743 1176 832 qui
1232 741 1817 814 Lacedaemoniis
1867 744 2060 837 leges
2118 744 2313 835 tulit,
2383 743 2612 818 tutela

473 869 702 964 fuisse
723 867 1004 942 scribit.
1055 868 1204 940 Illis
1241 891 1412 962 ergo
1443 867 1686 940 verbis
1716 892 1957 940 eorum
1984 868 2326 940 evertitur
2347 868 2608 963 opini0,

477 994 594 1090 qui
618 996 808 1066 hunc
842 992 1342 1066 Historiarum
1367 993 1597 1065 locum
1627 993 2098 1066 adulteratum
2130 1017 2282 1066 esse
2330 1003 2611 1067 conten-

475 1118 760 1193 debant.

570 1246 729 1318 Non
768 1246 1060 1318 multum
1087 1247 1173 1318 ab
1202 1247 1556 1318 Herodoto
1584 1246 1906 1319 dissentit
1943 1245 2341 1340 Xenophon
2371 1245 2444 1316 in
2482 1245 2613 1318 hoc

472 1370 705 1444 libello
740 1391 973 1467 quem,
1006 1372 1078 1442 in
1110 1371 1680 1467 disceptationem
1710 1346 2059 1459 vocatum,
2105 1395 2235 1442 nos
2274 1369 2452 1444 alias
2487 1394 2612 1443 suo

364 1546 370 1551 -
476 1497 862 1569 restituisse
926 1497 1252 1592 scriptori
1301 1497 1737 1569 confidimus,
1792 1496 1923 1568 Ille
1979 1497 2195 1588 enim,
2246 1506 2611 1592 postquam

474 1633 840 1718 spartanas
877 1624 1072 1716 leges
1114 1624 1462 1716 exposuit,
1498 1619 1779 1717 adjicit1
1818 1646 1833 1691 ε
1882 1621 2057 1694 Jam
2093 1645 2216 1693 eas
2262 1621 2613 1710 antiquis-

471 1749 693 1820 simas
717 1772 866 1820 esse
879 1758 1128 1845 patet,·
1160 1772 1334 1818 nam
1365 1748 1767 1841 Lyczclyus
1814 1748 2255 1843 temporibus
2275 1748 2614 1820 Heracli-

472 1874 751 1945 darum
771 1874 1043 1945 vixisse
1070 1872 1533 1969 perhibetur.
1596 1873 1993 1945 Heraclidae
2050 1886 2280 1944 autem
2317 1873 2367 1943 ii
2412 1881 2614 1945 erant

475 1998 590 2092 qui
626 1998 1070 2070 Doriensium
1121 1999 1330 2071 duces
1396 1999 1486 2070 ad
1542 1999 2000 2091 subigendam
2058 1997 2614 2092 Peloponnesum

473 2123 776 2213 fuerant,
815 2125 1200 2196 Temenum
1238 2123 1418 2211 dico,
1460 2124 1991 2217 Cresphontem,
2045 2121 2613 2195 Aristodemum-

473 2272 632 2343 que.
690 2248 845 2320 Non
884 2249 1133 2342 ignoro
1174 2248 1446 2344 quidem
1498 2249 1942 2343 Xenophonti
1972 2248 2361 2342 peculiares
2395 2246 2614 2340 fuisse

473 2396 720 2445 causas
747 2397 873 2445 cur
902 2383 1273 2470 spartanas
1322 2373 1547 2467 leges,
1588 2396 1756 2468 quas
1793 2371 2161 2445 nobilitare
2191 2372 2497 2463 volebat,
2524 2374 2614 2444 ad

474 2500 940 2595 praeteritum,
975 2523 1181 2595 quam
1223 2498 1522 2571 maxime
1560 2508 1818 2594 posset,
1865 2507 2299 2592 retroageret
2323 2524 2343 2591 3
2406 2498 2613 2571 etiam

473 2637 705 2698 tamen
743 2624 952 2721 atque
993 2626 1200 2697 etiam
1254 2649 1426 2719 rogo
1461 2633 1537 2697 ut
1575 2625 2177 2697 animadvertatur
2226 2648 2410 2715 eum,
2467 2634 2610 2699 tum

473 2752 894 2847 propemodo
929 2775 1083 2823 cum
1136 2751 1493 2826 Herodoto
1520 2774 1967 2845 congruere,
2032 2762 2176 2824 tum
2204 2752 2609 2847 Lycurgum

473 2857 658 2968 leges
716 2879 1052 2952 ferentem
1119 2879 1479 2969 inducere,
1534 2901 1666 2974 quo
1726 2887 2033 2972 tempore
2088 2878 2162 2947 in
2237 2876 2613 2950 Laconiam

472 3005 943 3078 adveniebant
974 3007 1383 3104 Dorienses.‘
1895 3089 1898 3092 ³

482 3189 489 3192 -
568 3133 720 3204 Hoc
777 3131 1069 3202 multum
1117 3153 1159 3202 a
1203 3131 1547 3203 communi
1591 3133 1935 3203 sententia
1982 3130 2364 3203 abhorrere
2424 3155 2609 3203 com-

471 3268 743 3352 pertum
782 3256 1103 3352 equidem
1133 3254 1354 3327 habeo
1384 3280 1399 3326 ε
1432 3279 1647 3351 quare
1669 3255 1836 3326 mihi
1888 3280 2025 3327 non
2049 3255 2296 3327 inutile
2332 3256 2609 3328 videtur

472 3380 824 3477 inquirere
905 3381 1242 3476 quomodo
1308 3380 1598 3474 vulgata
1664 3380 1813 3452 haec
1866 3381 1952 3452 de
2021 3380 2331 3476 Lycurgi
2401 3390 2607 3453 aetate

473 3507 702 3601 opinio
759 3510 1012 3580 statuta
1054 3508 1168 3578 sit.
1223 3507 1326 3579 Eo
1386 3507 1571 3578 enim
1614 3505 1885 3577 facilius
1942 3506 2313 3578 ostendere
2364 3516 2608 3602 potero

473 3632 1060 3726 quibusssinfirmis
1122 3631 1537 3706 testimoniis
1589 3629 1921 3701 fulciatur
1993 3628 2230 3702 fabula
2273 3650 2476 3725 quam
2520 3633 2607 3705 de

472 3781 554 3830 eo
593 3781 929 3830 enarrare
976 3758 1200 3830 solent
1255 3754 1599 3828 historici.

569 3885 872 3957 Ctesiam
912 3884 1330 3955 Cnidensem
1373 3880 1664 3975 juvabat
1700 3890 1936 3953 vetera
1985 3884 2393 3956 Graecorum
2452 3860 2607 3958 acta

437 3988 629 4080 'cum
669 4009 1095 4101 assyriensis
1132 4007 1431 4102 imperii,
1475 4030 1679 4102 qnam
1721 4007 1871 4100 ipse
1903 4008 2259 4098 narrabat,
2316 4011 2603 4083 historia

534 4326 552 4359 ¹
589 4325 750 4385 XEN„
784 4329 951 4390 Resp.
985 4325 1206 4387 Laced„
1240 4326 1308 4385 X,
1344 4326 1375 4374 8
1410 4340 1422 4374 :
1472 4325 1626 4375 Ἀλλὰ
1660 4328 1751 4391 γὰρ
1798 4325 1874 4376 ὅτι
1922 4324 2006 4388 μὲν
2045 4326 2348 4375 παλαίτατοι
2384 4315 2521 4375 οὗτοι
2555 4328 2603 4374 οἱ

468 4406 610 4468 νόμοι
640 4408 737 4456 εἰσὶ
768 4409 932 4470 σαφές·
963 4408 990 4457 ὁ
1020 4410 1127 4472 γὰρ.
1145 4411 1430 4471 Λυκοῦργος
1460 4405 1587 4456 κατὰ
1612 4405 1722 4462 τοὺς
1764 4404 2092 4470 Ἡρακλείδας
2126 4405 2318 4468 λέγεται
2358 4404 2604 4469 γένεα-θαι.
