3131 5037
1160 555 1430 609 CAPUT
1474 554 1852 606 DECIMUM
2473 558 2578 608 135

430 696 662 758 autem
700 683 961 758 factum
993 684 1084 758 sit
1111 694 1188 757 ut
1226 686 1532 758 maxime
1582 684 1890 758 omnium
1931 684 2264 779 Spartani
2290 684 2574 779 delphi-r

430 835 588 883 cum
660 810 1059 905 Apollinem
1124 835 1391 883 summa
1454 810 1798 903 religione
1863 810 2238 900 coluerint,
2276 834 2391 885 >ex
2446 810 2576 882 hoc

409 937 762 1030 ‚consequi
800 935 1135 1026 arbitror,
1172 934 1353 1031 quod
1389 935 1525 1026 illi,
1560 944 1940 1030 antequam
1997 927 2576 1008 Lacedaemonem

430 1045 923 1155 pervenerint,
998 1060 1260 1133 diutius
1352 1085 1507 1133 cum
1578 1060 2015 1156 Delphorum
2090 1062 2575 1134 sacerdotibus

429 1186 1000 1257 consuetudinem
1067 1186 1480 1279 habuerint3
1563 1186 1674 1256 illi
1755 1186 1980 1276 enim,
2076 1187 2240 1259 dum
2318 1186 2576 1274 fratres

431 1310 750 1382 nonnulli
793 1312 865 1381 in
902 1311 1483 1410 Peloponnesum,
1523 1312 1876 1398 maritimo
1924 1337 2159 1403 cursu,
2199 1338 2236 1385 e
2279 1314 2576 1388 Maliaco

433 1434 588 1505 sinu
638 1434 925 1530 profecti
989 1446 1485 1529 pervenerant,
1542 1437 1800 1509 multos
1870 1461 2095 1522 annos
2149 1439 2226 1511 in
2285 1440 2575 1529 Doride,

431 1582 585 1654 quae
625 1583 763 1630 uno
813 1561 1163 1632 Parnasso
1195 1584 1237 1633 a
1265 1562 1556 1657 Delphis
1595 1564 2019 1657 sejungitur,
2050 1579 2570 1659 remanserant,

430 1694 638 1779 atque
688 1672 784 1757 ita
837 1684 1275 1758 familiariter
1347 1710 1505 1758 cum
1561 1687 1690 1759 deo
1743 1688 2254 1761 communicare
2324 1701 2576 1784 potue-

438 1789 624 1881 rant,
694 1795 699 1800 ⁶

532 1935 704 2006 Haec
742 1958 977 2007 secum
1017 1936 1672 2030 reputandQlacile
1720 1938 1878 2033 quis
1910 1939 2268 2033 intelliget
2319 1938 2574 2014 factum

432 2082 588 2131 esse
646 2069 719 2131 ut
778 2083 1049 2131 summo
1107 2062 1474 2156 Lycurgus
1542 2059 1785 2133 favore
1833 2065 2299 2157 acciperetur,
2363 2051 2575 2161 quum

431 2184 959 2275 Lacedaemone,
995 2185 1107 2256 ubi
1136 2196 1378 2258 cuncta
1409 2186 1894 2273 turbabantur,
1930 2209 2173 2281 pacem
2205 2188 2568 2275 allaturus,

430 2320 507 2382 ut
539 2310 827 2382 nuntius
857 2311 941 2382 ab
976 2311 1302 2406 Apolline
1334 2313 1590 2384 missus
1619 2337 1773 2384 sese
1805 2312 2080 2386 obtulit.

527 2435 783 2506 Utrum
823 2460 861 2507 e
897 2436 1092 2530 regia
1131 2436 1423 2528 familia,
1473 2461 1564 2509 an
1596 2438 1929 2532 *privatus
1985 2439 2222 2530 fuerit,
2270 2440 2436 2535 quid
2485 2441 2576 2513 ad

429 2564 625 2632 rem?
664 2560 845 2651 Nam
878 2561 1162 2632 omnino
1192 2561 1463 2633 incerta
1515 2585 1673 2639 esse
1703 2587 1861 2658 quae
1899 2563 1984 2635 de
2021 2563 2132 2634 his
2179 2562 2395 2636 rebus
2437 2573 2574 2649 tra-
2676 2555 2681 2560 ⁸

432 2685 691 2757 duntur
719 2685 860 2779 J‘am
892 2695 1097 2757 antea
1138 2687 1469 2777 vidimUS,
1515 2711 1646 2759 nec
1677 2689 1802 2758 ulli
1845 2688 1965 2759 alii
2003 2689 2105 2779 rei
2148 2710 2357 2761 causa
2396 2713 2573 2762 auc-

433 2810 758 2897 toritatiS,
796 2833 930 2904 qua
968 2809 1303 2901 praeditus
1344 2821 1515 2902 erat,
1545 2813 1976 2904 assignanda
2011 2823 2141 2897 est,
2180 2837 2395 2909 quam·
2426 2817 2574 2911 ejus

432 2943 731 3006 sacratae
761 2933 1115 3028 dignitati.
1257 3010 1262 3014 ,

441 3115 453 3126 .
532 3059 906 3153 Religione
925 3061 1144 3153 igitur
1165 3060 1485 3143 credulos
1511 3062 1899 3154 Spartanos
1931 3048 2574 3154 adstrinxit,.illud-

431 3207 564 3277 que
592 3195 1107 3276 assecutusest,
1135 3195 1211 3258 ut
1242 3209 1381 3257 non
1406 3187 1606 3258 modo
1638 3188 2213 3260 Lacedaemonios
2242 3190 2385 3262 suis
2408 3190 2575 3284 jus-

431 3309 527 3378 sis
580 3308 983 3382 obedientes
1015 3312 1361 3404 extemplo
1399 3308 1676 3402 fecerit,
1719 3312 1848 3383 sed
1885 3313 2062 3384 adeo
2101 3308 2576 3397 constitutioni

432 3430 670 3504 fideles
696 3433 1019 3521 reddidit,
1046 3443 1117 3504 ut
1147 3456 1350 3504 nemo
1376 3456 1684 3528 unquam
1706 3442 1984 3505 sanctas
2008 3456 2052 3506 a
2082 3436 2352 3508 Phoebo
2378 3438 2575 3531 leges

429 3559 705 3644 abolere
742 3583 952 3632 ausus
984 3557 1191 3631 fuerit
1209 3584 1228 3650 3
1259 3559 1425 3631 inde
1452 3561 1530 3631 fit
1560 3570 1637 3633 ut
1672 3561 1889 3653 vulgo
1921 3560 2332 3633 crederetur
2358 3563 2573 3657 Spar-

431 3694 628 3757 tanos
669 3687 928 3757 cisdem
962 3685 1302 3756 institutis
1338 3685 1495 3779 plus
1549 3687 2121 3782 quadringentos
2144 3709 2364 3759 annos
2408 3713 2573 3762 usos

429 3836 607 3886 esse.
626 3815 855 3886 Tanta
878 3814 1062 3884 enim
1087 3813 1389 3907 Apollini
1416 3815 1500 3885 ab
1523 3813 1626 3884 eis
1653 3812 2053 3885 reverentia
2071 3814 2566 3909 praestabatur,

428 3963 726 4035 eumque
760 3950 953 4012 tanto
991 3940 1259 4012 honore
1308 3939 1654 4027 colebant,
1700 3947 1777 4011 ut
1816 3939 1875 4009 si
1913 3939 2064 4034 quis
2105 3940 2273 4034 quid
2312 3965 2572 4015 novum

427 4064 498 4135 in
577 4065 933 4160 republica
1003 4064 1447 4136 introducere
1517 4065 1755 4154 vellet,
1830 4063 2245 4161 lycurgeum
2316 4087 2565 4141 nomen

429 4192 621 4285 prius
653 4191 1233 4285 praetendendum
1262 4199 1565 4263 curaret.
2494 4174 2498 4179 ⁵

525 4319 679 4402 Quo
733 4340 903 4411 crgo
954 4317 1181 4410 magis
1228 4339 1377 4389 rem
1424 4315 1973 4410 introspicimuS,
2017 4317 2571 4407 eoymanifestius
