3131 5037
1197 592 1465 647 CAPUT
1502 595 1791 647 NONUM
2132 650 2137 655 ,
2463 584 2556 644 125

412 723 651 796 menis
701 723 1083 821 perlustret
1110 749 1129 817 3
1185 747 1314 796 nec
1369 724 1577 796 aliter
1636 745 1712 794 se
1749 746 1864 794 res
1923 701 2189 795 babere
2245 728 2546 817 poterat,

410 873 624 945 quum
676 849 826 945 ipse
861 850 1092 944 signet
1139 847 1598 922 Aristoteles¹
1633 847 2006 920 maximam
2049 871 2167 920 eas
2201 856 2548 921 terrarum

410 976 737 1049 Laconiae
805 982 1077 1069 partem
1145 975 1424 1071 proprio
1480 976 1760 1047 nomine
1825 973 2225 1068 possidere,
2298 973 2551 1046 civium

411 1100 689 1197 quidem
771 1124 1027 1195 magno
1104 1100 1549 1192 detrimento,
1609 1100 1745 1197 qui
1805 1089 2339 1195 spartanorum
2382 1099 2552 1194 jura

410 1227 850 1317 amittebant,
910 1226 1121 1299 simul
1181 1236 1383 1321 atque
1443 1226 1624 1298 unde
1682 1225 1767 1299 ad
1811 1224 2127 1321 syssitia
2166 1224 2554 1322 symbolam

411 1352 735 1426 efferrent
774 1377 917 1425 non
949 1351 1323 1425 habebant.

506 1478 740 1573 Hujus
807 1477 911 1550 rei
973 1476 1324 1550 infirmam
1391 1477 1674 1549 omnino
1741 1476 2276 1572 explicationem
2349 1476 2554 1549 affert

408 1603 848 1694 AristoteleS,
907 1603 1263 1698 multoque
1315 1605 1553 1677 verius
1613 1604 1996 1698 conjecisse
2051 1604 2219 1675 mihi
2279 1602 2554 1676 videtur

408 1752 653 1803 recens
714 1728 1026 1821 criticuS‚
1085 1729 1599 1802 eruditissimus
1657 1730 1861 1802 homo
1937 1731 2182 1805 Fustel
2216 1731 2311 1802 de
2352 1728 2554 1803 Cou-

410 1856 660 1951 lanqes
678 1853 730 1946 2,
778 1856 895 1951 qui
948 1856 1305 1928 contendit
1335 1865 1702 1950 spartanas
1742 1856 2098 1945 muliereS,
2133 1880 2346 1953 quum
2384 1854 2552 1929 viris

409 1981 741 2076 quidquid
798 1980 887 2052 ad
943 1979 1219 2053 lucrum
1288 1982 1673 2075 pertineret
1722 1981 2292 2074 interdiceretur,
2358 1982 2555 2054 nullo

407 2105 724 2202 ipsarum
766 2095 1070 2178 libertati
1135 2108 1339 2178 modo
1392 2116 1672 2195 statutor,
1713 2116 2177 2179 mercaturam
2215 2114 2555 2200 argenta-

409 2232 722 2326 riamque
782 2229 1198 2321 exercuisse,
1261 2231 1446 2303 unde
1500 2231 1810 2326 majores
1876 2232 2008 2302 sibi
2071 2215 2555 2327 compararent

408 2355 713 2429 divitias.
756 2358 863 2429 Ex
899 2356 1028 2429 hoc
1072 2355 1339 2430 inferre
1401 2356 1562 2429 licet
1613 2380 1746 2451 qua
1806 2357 2078 2429 ratione
2135 2332 2364 2429 terras
2402 2354 2554 2429 fere

408 2485 737 2557 omnesin
767 2507 1015 2557 manus
1047 2507 1210 2557 suas
1232 2506 1490 2578 cogere
1521 2483 1901 2579 potuerint,
1934 2508 2146 2581 quum
2175 2483 2554 2558 verisimile

409 2609 496 2681 sit
525 2620 937 2704 spartanos,
959 2619 1245 2707 propter
1266 2610 1596 2704 inopiam,
1630 2609 1717 2682 ad
1759 2611 2303 2704 comparandam
2335 2633 2555 2706 pecu-

333 2720 337 2723 *
407 2735 627 2826 niam,
688 2720 992 2829 primum
1048 2734 1317 2807 fructus
1375 2760 1544 2831 quos
1613 2734 1948 2807 fundebat
2011 2760 2208 2830 ager,
2269 2736 2545 2829 deinde,

405 2861 547 2933 lata
608 2861 847 2955 ephori
908 2862 1232 2956 Epitadei
1300 2862 1487 2954 lege,
1550 2885 1765 2956 agros
1822 2861 2006 2961 ipsos
2066 2862 2554 2934 nummulariis

410 2985 817 3057 mulieribus
863 2986 1237 3058 tradidisse
1257 2983 1307 3054 3.

510 3112 661 3182 Hoc
689 3109 1004 3206 equidem
1036 3110 1223 3181 inter
1252 3111 1519 3204 primas
1557 3110 2170 3182 annumerandum
2203 3133 2354 3183 esse
2383 3118 2555 3182 cau4

406 3258 522 3307 sas
577 3258 984 3330 persuasum
1041 3236 1262 3307 habeo
1331 3259 1479 3325 cur,
1543 3236 1678 3307 etsi
1749 3236 1977 3330 specie
2038 3235 2240 3330 plura
2299 3235 2554 3307 saecula

406 3361 647 3435 eadem
676 3362 1014 3435 manserit
1045 3370 1375 3457 spartana
1417 3361 1841 3456 respublica,
1890 3383 2138 3433 revera
2171 3384 2307 3432 non
2340 3361 2553 3433 multo

405 3500 562 3583 post
610 3490 1011 3584 Lycurgum
1063 3489 1345 3559 omnino
1392 3487 1764 3558 immutata
1806 3484 2037 3557 fuerit.
2090 3484 2554 3570 Quamobrem

404 3613 761 3686 Aristoteli
796 3614 1325 3685 condonandum
1363 3634 1517 3684 esse
1556 3635 1832 3701 censeo,
1867 3620 2273 3706 spartanum
2324 3611 2554 3704 legis·

404 3738 730 3828 latorem,
776 3739 961 3834 quod
996 3738 1085 3811 ad
1125 3739 1453 3810 mulieres
1495 3737 1843 3829 regendas
1880 3737 2149 3825 attinet,
2199 3759 2338 3806 non
2380 3736 2552 3808 satis

404 3862 777 3958 providum
822 3861 1063 3935 fuisse.
1116 3863 1368 3936 Merito
1410 3885 1579 3933 vero
1621 3860 1774 3956 quis
1830 3862 2428 3954 interrogetnum
2478 3885 2555 3934 se

469 4220 487 4254 ¹
525 4219 718 4270 Amsr.
748 4217 939 4280 Polie„
977 4216 1044 4276 11,
1081 4215 1132 4275 6,
1167 4216 1279 4296 115

462 4298 487 4334 ²
522 4297 727 4347 Fas-rm.
771 4311 840 4346 ns
873 4297 1207 4355 Counmosss,
1242 4297 1425 4347 Etud:
1458 4312 1559 4346 sur
1590 4297 1647 4347 la
1672 4297 1973 4361 proprie'te'
1995 4295 2032 4346 d
2062 4297 2290 4361 Sparte,
2322 4311 2376 4362 p.
2403 4296 2484 4350 31.

463 4379 487 4415 ³
522 4379 735 4429 Fusa-m.
763 4393 833 4427 ns
859 4378 1205 4439 (loannem,
1245 4377 1504 4443 Ibid.,-p.
1528 4375 1611 4427 83.
