3131 5037
1289 563 1735 615 PRAEFATIO
2015 592 2020 597 ·
2520 588 2579 620 ιιι

439 683 751 775 doctrina
786 709 896 779 me
927 711 1008 759 eo
1046 689 1328 762 adduxit
1359 701 1430 763 ut
1467 714 1608 764 non
1637 694 1786 788 jam
1818 694 2219 789 Lycurgum
2262 697 2579 768 ducentis

436 820 592 906 post
621 811 980 885 subactam
1021 813 1589 908 Peloponnesum
1631 819 1831 890 annis
1868 843 2226 913 ponerem,
2274 822 2396 893 sed
2435 831 2578 894 tum

443 944 637 1046 leges
723 945 995 1019 dedisse
1070 948 1628 1023 demonstrarem
1712 976 1957 1047 quum,
2044 953 2580 1027 advenientibus

437 1079 918 1172 DoriensibuS,
976 1082 1279 1154 confusis
1341 1109 1629 1180 prorsus
1683 1086 2009 1159 omnibus
2057 1089 2294 1176 rebuS,
2339 1112 2578 1184 pacem

435 1213 670 1286 nullus
698 1239 834 1287 non
874 1227 1259 1312 exoptaret,
1295 1212 1513 1316 eoque
1553 1223 1777 1316 magis
1806 1223 1894 1294 ad
1932 1245 2183 1294 novam
2220 1190 2579 1318 accipien-

432 1349 590 1421 dam
626 1353 1187 1439 constitutionem
1217 1358 1606 1448 propensus
1646 1369 1857 1428 esset.

530 1485 633 1579 Ea
673 1487 867 1581 quasi
918 1486 1034 1559 fax
1083 1498 1214 1581 est,
1256 1498 1330 1561 ut
1370 1490 1539 1560 mihi
1583 1491 1885 1581 videtur,
1942 1516 2077 1587 qua
2123 1502 2263 1564 tota
2304 1493 2578 1564 illumi-

432 1628 636 1691 natur
697 1621 1003 1715 Lycurgi
1056 1621 1351 1693 historia
1410 1647 1424 1691 ε
1485 1623 1804 1728 instituta
1850 1626 2035 1696 enim
2096 1627 2250 1721 ejus
2306 1625 2571 1713 civilia,

432 1754 712 1848 politica
799 1766 866 1827 ct
933 1756 1059 1827 illa
1136 1781 1297 1852 quae
1378 1756 1468 1827 acl
1525 1759 1739 1828 vitam
1813 1759 2157 1850 privatam
2229 1760 2577 1855 pertinent

433 1889 1025 1981 recognoscendo,
1072 1890 1462 1971 videbimus
1506 1891 1604 1960 nil
1648 1890 1798 1962 fere
1829 1916 2007 1982 esse,
2053 1894 2111 1964 si
2154 1893 2573 1989 principium

430 2019 605 2096 illud
671 2024 1186 2116 admiserimuS,
1261 2025 1347 2096 de
1421 2049 1554 2121 quo
1612 2025 1948 2121 rationem
2007 2026 2335 2116 reddere,
2400 2027 2571 2122 quin

434 2160 570 2232 imo
624 2169 894 2253 gratam
927 2160 1460 2254 explicationem
1497 2159 1748 2232 afferre
1779 2185 1919 2234 non
1948 2163 2319 2256 possimus,

472 2290 475 2295 ’
526 2294 706 2364 Dum
735 2304 969 2366 autem
1007 2295 1159 2367 haec
1198 2294 1432 2366 omnia
1464 2293 2107 2389 perlustrabuntur,
2143 2296 2262 2366 vix
2318 2321 2568 2393 quemss
2661 2308 2670 2315 “

427 2449 632 2522 quam
698 2451 852 2501 esse
914 2428 1182 2501 confido
1273 2429 1390 2526 qui
1456 2428 1833 2523 exprobret
1904 2431 1989 2521 si,
2077 2431 2149 2502 in
2207 2440 2308 2503 tot
2359 2433 2569 2505 rebus

427 2563 876 2658 exponendiS‚
912 2565 1173 2661 aliquid
1203 2563 1440 2636 forsan
1481 2565 1812 2637 omissum
1855 2564 2095 2638 fuerit.
2127 2567 2351 2640 Multa
2382 2569 2565 2639 enim

425 2698 738 2770 consulto
807 2698 1125 2792 neglecta
1195 2707 1356 2771 sunt
1430 2724 1445 2770 ε
1518 2698 1725 2771 facile
1777 2700 2056 2795 quidem
2126 2711 2271 2773 erat
2324 2710 2569 2774 cuncta

425 2856 576 2928 quae
633 2832 716 2903 cle
770 2843 1104 2928 spartana
1166 2834 1669 2906 constitutione
1720 2833 1904 2905 dicta
1957 2833 2231 2906 fuerant
2270 2836 2557 2920 afferre3

423 2965 825 3037 recessisset
863 2977 1096 3038 autem
1131 2965 1302 3038 illud
1325 2988 1366 3037 a
1397 2966 1761 3059 proposito
1802 2976 2064 3056 nostro,
2112 2970 2229 3067 qui
2267 2969 2563 3043 diximus

423 3097 691 3169 nullum
718 3098 910 3171 aliud
944 3098 1143 3170 nobis
1171 3098 1542 3171 consilium
1584 3123 1736 3171 esse
1775 3124 1983 3198 quam
2029 3125 2297 3190 verum,
2336 3105 2569 3198 quoad

420 3234 832 3327 poterimuS‚
868 3234 1270 3330 Lycurgum
1309 3231 1672 3328 effingere.

518 3368 670 3441 Hoc
709 3390 976 3464 quoque
1007 3392 1128 3440 oro
1180 3368 1612 3440 condonetur
1642 3380 1718 3441 ut
1773 3370 1849 3440 in
1879 3381 2291 3442 eventorum
2342 3395 2552 3463 nexu,

419 3505 477 3574 si
557 3506 706 3600 quis
789 3503 1094 3577 annulus
1169 3505 1556 3576 subductus
1634 3501 1876 3593 fuerit,
1936 3527 2122 3589 eum,
2177 3506 2555 3599 prudenter

417 3638 896 3732 conjectand0‚
956 3640 1322 3712 restituere
1376 3638 1607 3710 liceat.
1662 3638 1815 3709 Etsi
1864 3639 2052 3710 enim
2097 3639 2182 3710 cle
2224 3648 2554 3734 spartana

416 3772 706 3844 historia
737 3771 940 3867 plura
976 3775 1236 3869 scripta
1267 3772 1484 3845 fuisse
1529 3783 1960 3869 compertum
1998 3774 2323 3861 habeam,
2367 3798 2551 3869 pau-

416 3908 688 3981 cissima
728 3907 849 3979 illa
887 3910 1165 4003 quidem
1212 3910 1432 4003 digna
1467 3907 1599 3979 fide
1641 3908 1731 3980 acl
1761 3931 1888 3979 nos
1918 3908 2351 4002 pervenisse,
2396 3910 2551 4003 quis

414 4048 664 4138 neget?
750 4054 753 4058 ”

512 4178 734 4250 Periit
774 4156 1116 4249 Charonis
1147 4178 1600 4271 Lampsaceni
1632 4178 1835 4267 liber,
1882 4179 1997 4271 qui
2027 4186 2335 4249 ceterum
2372 4178 2551 4249 nihil

411 4312 711 4409 amplius
757 4334 964 4410 quam
1036 4311 1316 4383 nomina
1373 4335 1621 4406 regum
1679 4320 1746 4383 et
1792 4334 1905 4382 res
1945 4309 2070 4381 sub
2112 4309 2554 4403 singulorum
