3131 5037
1198 606 1464 656 CAPUT
1498 604 1873 664 QU1NTUM
2549 599 2614 651 65
2664 658 2668 664 ,

474 719 781 827 thenem,
818 727 1303 831 Proclemque,
1330 735 1418 807 ob
1445 734 1813 828 penuriam
1841 734 2206 806 hominum
2246 734 2609 827 regionem

472 863 951 955 incolentium,
1005 861 1434 935 concessisse
1477 870 1551 931 ut
1584 861 1935 953 peregrini
1977 859 2274 956 quilibet
2317 858 2609 955 inquili-

472 1012 722 1061 norum
756 989 909 1060 loco
950 976 1472 1081 reciperentur:
1522 983 2261 1075 circumhabitantes,
2297 986 2520 1083 inquit
2557 987 2604 1077 ¹,

473 1138 716 1186 omues
802 1136 1222 1202 quanquam
1294 1120 1659 1206 parerent
1739 1110 2148 1206 Spartiatis
2176 1168 2194 1202 ,
2256 1113 2613 1206 ⁴ejusdem

473 1250 721 1313 tamen
761 1241 972 1333 juris
1018 1249 1088 1311 et
1138 1237 1481 1326 civitatiS,
1526 1261 2064 1331 munerumque
2142 1238 2614 1334 publicorum

461 1366 873 1462 participes
896 1367 1230 1458 fuerunt.

570 1491 678 1561 Ex
707 1488 816 1561 his
844 1488 1353 1561 confirmantur
1383 1511 1666 1583 eaquae
1707 1490 1923 1590 hujus
1962 1490 2212 1585 capitis
2260 1492 2459 1562 initio
2498 1490 2615 1564 di-

472 1617 823 1705 cebamuS,
884 1615 1147 1687 scilicet
1193 1614 1572 1686 Dorienses
1628 1638 1768 1686 non
1831 1638 2189 1687 armorum
2255 1616 2322 1688 vi
2391 1617 2611 1690 solum

473 1743 958 1836 Peloponneso
1010 1741 1263 1835 potitos
1312 1764 1492 1829 esse,
1537 1741 1663 1812 sed
1704 1741 2042 1835 paulatim
2081 1742 2155 1812 in
2214 1746 2603 1837 regionem,

472 1846 855 1942 incolarum
886 1867 1344 1963 quorumdam
1378 1866 1704 1960 praesidio
1736 1868 2062 1956 nitenteS,
2103 1868 2499 1964 irrepsisse,
2545 1882 2615 1943 et

473 2019 631 2067 cum
662 1994 761 2066 eis
789 1993 1021 2064 foedus
1048 1992 1318 2079 iniisse,
1345 1992 1441 2063 ita
1465 1999 1543 2063 ut
1575 1992 1875 2063 victores
1908 1992 2211 2087 victique
2243 1993 2613 2089 aliquoties

466 2121 673 2215 juxta
703 2119 907 2193 amici
949 2118 1276 2190 vixerint.
1340 2142 1349 2152 ·

571 2245 709 2317 Sed
734 2267 1014 2316 necesse
1044 2251 1195 2315 erat
1223 2253 1296 2314 ut
1325 2242 1551 2330 brevi,
1584 2252 1870 2338 propter
1896 2244 2262 2333 invidiam,
2298 2246 2610 2319 inimici-

473 2371 589 2443 tiae
625 2379 1082 2464 nascerentur
1118 2370 1301 2439 inter
1358 2377 1635 2441 veteres
1685 2392 2038 2465 novosque
2087 2370 2383 2463 incolam,
2443 2372 2615 2446 adeo

470 2496 654 2569 inter
690 2520 763 2568 se
793 2495 1101 2567 moribus
1140 2493 1556 2603 dissimiles:
1587 2494 1826 2566 Achaei
1865 2496 2078 2587 enim,
2117 2498 2235 2592 qui
2258 2521 2332 2570 se
2350 2496 2613 2570 huma—

473 2623 667 2694 niore
693 2623 884 2693 cultu
923 2629 1261 2715 praestare
1288 2621 1420 2692 sibi
1458 2622 1718 2693 conscii
1747 2630 1977 2710 erant,
2026 2621 2242 2693 rudes
2266 2623 2568 2717 despicie
2590 2667 2612 2676 -

470 2747 637 2819 bant
692 2748 1128 2830 Dorienses3
1201 2747 1311 2817 illi
1358 2756 1600 2818 contra
1658 2747 2085 2831 effeminatos
2168 2747 2485 2820 homines
2542 2748 2614 2818 in

471 2873 747 2966 imperii
781 2870 1497 2944 consortium-admitti
1530 2871 1828 2966 indigne
1857 2869 2203 2944 ferebant.
2410 2857 2417 2864 ’

571 2999 798 3070 Multa
856 2997 1132 3093 quidem
1188 2997 1373 3091 apud
1427 3008 1752 3068 auctores
1789 2997 2092 3090 vestigia
2150 2999 2462 3092 reperire
2510 3012 2616 3074 est

472 3124 936 3198 contentionis
974 3123 1187 3211 illius,
1232 3145 1387 3217 quae
1417 3121 1622 3216 paulo
1662 3131 1813 3215 post
1857 3121 2209 3194 subactam
2256 3122 2616 3219 Pelopon·-

474 3274 719 3322 nesum
759 3258 913 3321 orta
943 3258 1073 3320 est.

570 3374 779 3445 Modo
823 3373 972 3467 jam
1034 3371 1329 3442 vidimus
1380 3371 1772 3442 Temenum
1824 3394 1865 3441 a
1918 3370 2078 3442 filiis
2138 3371 2609 3462 interfectum,

473 3510 756 3597 propter
786 3521 986 3577 suam
1007 3497 1083 3567 in
1114 3497 1481 3590 indigenas
1509 3495 2111 3590 benevolentiam3
2145 3509 2386 3572 narrat
2407 3499 2613 3570 Nico·

472 3627 627 3698 laus
651 3626 1130 3696 Damascenus
1154 3620 1184 3662 2
1225 3621 1413 3693 idem
1453 3620 1959 3716 Cresphontem
1988 3647 2398 3718 perpessum
2423 3648 2609 3710 esse,

473 3775 554 3822 eo
584 3751 767 3847 quod
799 3747 1202 3843 reipublicae
1240 3744 1538 3818 formam
1571 3748 1666 3818 ita
1698 3747 2040 3820 innovare
2077 3750 2310 3838 vellet,
2346 3761 2422 3824 ut
2474 3775 2615 3823 non

536 4065 554 4100 ί
590 4065 853 4114 Emmaus.
881 4078 962 4127 ap.
1000 4063 1351 4120 Srmnonma,
1377 4062 1527 4123 VIII,
1544 4065 1593 4124 5,
1621 4064 1651 4112 4
1684 4077 1698 4114 ε
1830 4063 2177 4122 ὑπακούοντας
2205 4063 2479 4122 δ’ἅπαντας
2499 4065 2616 4122 τοὺς

472 4147 752 4212 περιοίκους
784 4150 1106 4212 Σπαρτιατῶν
1150 4142 1283 4207 ὅμως
1327 4145 1592 4209 ἰσονόμους
1629 4141 1772 4204 εἶναι,
1809 4147 2103 4208 μετέχοντας
2131 4146 2216 4196 καὶ
2254 4146 2500 4202 πολιτείας
2533 4145 2616 4195 καὶ

473 4220 710 4292 alp-getam.

533 4306 555 4341 ²
577 4305 848 4356 Nummus
867 4296 1260 4362 ΒΑιὲιΑεοεΝυε,
1276 4304 1340 4357 fr.
1353 4305 1435 4363 39,
1455 4321 1537 4370 ap.
1564 4305 1623 4356 C.
1640 4307 2001 4365 Mona-nuum,
2031 4308 2259 4371 Fraym.
2277 4307 2408 4356 hist.
2433 4321 2617 4370 yram„

474 4391 514 4436 t.
545 4387 638 4444 111,
672 4401 721 4450 p.
752 4385 867 4435 377.
