3131 5037
551 587 615 638 98
1357 592 1457 641 DE
1503 592 1878 644 LYCURGO

548 713 1059 788 conditionibus
1090 715 1409 808 fecerint,
1441 728 1516 789 ut
1551 742 1690 791 una
1720 733 2098 814 regnarent
2129 747 2144 792 t
2185 746 2270 793 ex
2305 724 2432 794 hac
2460 722 2686 816 igitur

552 842 891 912 sententia
929 842 1165 913 achaeo
1209 866 1473 936 genere
1511 844 1716 917 ambo
1766 845 1981 919 fuisse
2028 855 2392 942 spartanos
2444 870 2679 941 regeS.

646 967 942 1038 Paulum
988 967 1346 1039 dissimilis
1399 969 1741 1042 Gilberti¹
1790 967 2048 1066 opini0‚
2095 974 2237 1068 qui,
2279 997 2494 1069 quum
2548 975 2689 1048 tria

551 1089 824 1184 Spartae
873 1090 1236 1184 dignoscat
1279 1092 1644 1164 hominum
1685 1117 1977 1187 genera,
2038 1095 2337 1169 Achaeos
2396 1098 2685 1186 scilicet,

549 1215 926 1287 Dorienses
967 1226 1037 1289 et
1089 1218 1399 1313 Minyos,
1463 1242 1757 1312 quorum
1800 1221 2060 1315 primos
2100 1223 2414 1318 Polyaeni
2457 1224 2689 1295 locum

549 1337 1059 1434 praetendens&
1114 1341 1201 1412 ab
1258 1343 1709 1439 Eurysthene
1753 1348 2182 1440 gubernatos
2220 1346 2438 1420 fuisse
2489 1348 2684 1438 dicit,

551 1475 858 1562 tempore
890 1490 1022 1564 quo
1052 1467 1337 1543 Procles
1356 1471 1845 1567 Temenusque
1869 1472 2444 1546 Lacedaemonem
2485 1473 2685 1546 obsi-

548 1592 826 1683 debant,
859 1594 1415 1689 Eurysthenidas
1455 1596 1569 1668 vel
1613 1597 1928 1691 Agiadas
1981 1597 2288 1686 achaeOS,
2327 1599 2688 1672 Proclidas

547 1723 658 1795 vel
702 1722 1229 1821 Eurypontidas
1278 1727 1638 1799 dorienses
1693 1725 1912 1797 fuisse
1951 1726 2308 1798 contendit
2325 1753 2343 1819 3
2396 1728 2684 1800 tertium

548 1875 715 1923 vero
742 1852 1159 1945 AEgidarum
1196 1877 1444 1947 genus,
1476 1875 1516 1924 a
1543 1852 1810 1926 Thebis
1862 1851 2271 1944 oriundum,
2317 1862 2686 1950 postquam

548 1984 823 2079 Spartae
852 1982 1256 2080 aliquandiu
1295 1984 1771 2078 regnavisset,
1809 1984 1897 2055 ab
1937 1982 2096 2056 aliis
2135 1981 2474 2057 ambobus
2514 1985 2688 2058 solio

546 2103 828 2205 pulsum
897 2110 1056 2201 fuit,
1115 2112 1301 2185 unde
1373 2111 1607 2185 evenit
1679 2119 1759 2183 ut
1818 2110 2327 2184 Lacedaemone
2388 2114 2684 2207 posthac

545 2260 840 2331 regnum
885 2238 1292 2333 bipartitum
1317 2239 1739 2334 reperiatur.

642 2363 748 2437 Ex
759 2365 871 2438 his
890 2365 1130 2440 videre
1149 2365 1312 2439 licet
1335 2367 1571 2440 varias
1589 2367 1748 2440 illas
1770 2367 1856 2441 de
1874 2364 2391 2440 lacedaemoniis
2407 2365 2693 2461 regibus
2804 2373 2807 2376 ’

547 2492 930 2567 sententias
950 2516 988 2566 e
1016 2491 1234 2566 variis
1256 2492 1714 2589 'opinionibus
1737 2503 1924 2568 ortas
1949 2515 2132 2586 esse,
2151 2493 2402 2592 quibus
2443 2502 2692 2568 aucto—

547 2642 704 2689 rum
727 2619 1014 2716 quisque
1042 2620 1610 2715 Peloponnesum
1640 2620 1997 2694 subactam
2043 2619 2261 2693 fuisse
2292 2620 2420 2693 sibi
2449 2619 2693 2715 fingit..

645 2748 956 2832 Quarum
1001 2771 1158 2843 quae
1197 2746 1286 2818 sit
1315 2771 1485 2820 vera
1525 2746 1902 2821 admodum
1936 2746 2217 2819 difficile
2267 2757 2371 2820 est
2409 2748 2686 2839 dicere3

548 2861 696 2945 veri
721 2873 1038 2969 equidem
1058 2882 1323 2967 partem
1354 2872 1727 2968 unicuique
1750 2873 1976 2944 inesse
2002 2894 2415 2966 persuasum
2434 2871 2683 2960 habe0,

550 3024 785 3096 quum,
835 3008 909 3071 ut
939 2998 1106 3069 mihi
1136 2999 1443 3087 videtur,
1495 3021 1636 3069 non
1674 2998 2066 3070 necessario
2122 2999 2437 3071 evenerit
2475 2997 2686 3070 Pelo-

550 3148 933 3217 ponnesum
966 3147 1004 3195 a
1035 3123 1489 3196 Doriensibus
1518 3147 1659 3196 una
1694 3124 2077 3217 eademque
2112 3123 2390 3195 ratione
2427 3122 2687 3216 perdo‘

548 3251 784 3323 mitam
817 3248 1060 3340 fuisse,
1088 3259 1154 3321 et
1184 3250 1328 3344 Jam
1350 3234 2059 3322 ani'madverterimus
2083 3244 2343 3320 factum
2370 3247 2584 3319 fuisse
2615 3256 2691 3319 ut

545 3375 1019 3448 invadentium
1037 3384 1314 3464 turmae,
1340 3373 1499 3445 aliae
1532 3398 1572 3446 a
1602 3374 2031 3468 principibus
2052 3374 2368 3467 regionis
2388 3373 2693 3466 benigne

549 3503 1052 3597 acciperentur,
1074 3501 1236 3573 aliae
1259 3500 1327 3570 vi
1349 3508 1418 3571 et
1437 3501 1656 3572 armis
1679 3501 1808 3572 sibi
1833 3523 2052 3572 novas
2074 3509 2302 3572 terras
2323 3507 2683 3595 pararent.

634 3601 791 3699 *Nos
821 3635 1052 3699 autem
1082 3625 1197 3720 qui
1247 3626 1653 3720 Lycurgum
1703 3624 1900 3717 leges
1924 3625 2404 3696 instituentem
2461 3631 2691 3694 osten-

550 3751 779 3824 dimus
831 3761 1146 3846 tempore
1203 3775 1365 3846 quo,
1426 3759 1706 3844 peracta
1760 3750 2174 3844 irruptione,
2227 3750 2303 3819 in
2352 3771 2436 3820 eo
2486 3758 2691 3818 erant

548 3885 624 3948 ut
674 3876 859 3948 inter
911 3901 984 3947 se
1042 3876 1476 3947 decertarent
1518 3875 1685 3945 novi
1741 3884 2154 3969 veteresque
2210 3871 2487 3961 incolae,
2549 3894 2688 3942 non

550 4001 871 4073 videmus
945 4025 1072 4072 cur
1143 4001 1551 4094 bipartitum
1604 3999 1781 4071 illud
1853 4023 2154 4093 regnum
2218 4022 2357 4070 non
2403 3998 2490 4069 ab
2537 3999 2691 4091 ipso

550 4129 874 4222 Lycurgo
914 4124 1262 4199 conditum
1322 4123 1538 4198 fuisse
1596 4124 2120 4216 contendamuS,
2183 4126 2283 4197 ita
2333 4135 2409 4197 ut
2466 4125 2691 4197 altera

612 4321 631 4355 ί
668 4320 926 4382 Grannum,
962 4321 1206 4370 Studien
1236 4336 1344 4369 zur
1364 4320 1626 4382 altspart.
1659 4320 1870 4376 Geso-h„
1906 4335 1957 4387 p.
1989 4317 2156 4373 57:71.

617 4398 640 4434 ²
673 4400 995 4460 Pomm-Nuzi,
1028 4401 1470 4466 Strateyemata‚
1502 4400 1543 4455 Ι,
1579 4399 1655 4452 10.
