3131 5037
565 567 603 601 ιι
1413 546 1853 598 PRAEFATIO

661 675 982 746 Arduum
1030 696 1198 746 sane
1233 697 1431 767 opuS,
1485 674 1683 768 cujus
1731 683 1960 766 tamen
1995 672 2276 766 paulum
2334 671 2705 744 difficultas

546 832 644 881 eo
700 809 1108 881 sublevatur
1163 811 1343 903 quod
1406 807 1563 879 huic
1618 808 1770 902 jam
1839 808 1940 878 rei
2009 806 2396 879 enodandae
2464 788 2705 878 curam

563 944 1035 1018 adhibuerunt
1072 942 1482 1015 excellentes
1519 951 1867 1032 auctoreS,
1908 952 1983 1013 ut
2036 943 2349 1033 GrotiuS,
2395 940 2701 1028 CurtiuS,

564 1078 901 1173 multique
931 1077 1050 1149 alii
1079 1100 1376 1173 quorum
1408 1077 1690 1149 nomina
1730 1078 1800 1148 in
1837 1077 2054 1148 libelli
2084 1101 2297 1148 cursu
2328 1072 2707 1171 proferen-

564 1221 720 1298 tur3
770 1234 1165 1307 quanquam
1198 1222 1430 1283 autem
1473 1235 1556 1282 ex
1602 1211 1711 1282 his
1742 1210 2034 1305 egregia
2075 1211 2288 1282 multa
2338 1209 2709 1297 desumere

564 1315 792 1441 quivis
820 1345 1063 1439 possit,
1103 1367 1326 1434 nem0,
1368 1353 1440 1415 ut
1474 1343 1643 1413 mihi
1666 1330 1965 1432 videtur,
2004 1344 2459 1439 quaestionem
2488 1351 2705 1415 totam

565 1479 965 1574 complexus
1033 1487 1164 1568 est,
1210 1491 1279 1552 et
1328 1479 1750 1574 Lycurgum
1816 1479 1891 1548 in
1957 1479 2204 1549 mediis
2276 1478 2418 1549 illis
2497 1476 2708 1548 rebus

563 1615 789 1710 posuit
859 1638 1014 1709 quae
1079 1608 1279 1685 nobis
1339 1622 1612 1686 tantum
1682 1614 1770 1686 ad
1831 1614 2310 1707 pernoscenda
2376 1611 2702 1706 spartani

563 1750 992 1843 legislatoris
1031 1751 1347 1822 instituta
1380 1748 1772 1822 conferent.
1863 1830 1866 1833 Α

613 1932 616 1936 ι
664 1887 872 1958 Hunc
892 1885 1209 1981 equidem
1245 1887 1472 1956 virum
1501 1887 1775 1980 suscepi
1798 1886 1937 1956 illis
1964 1872 2282 1957 omnibus
2314 1884 2709 1956 exuendum

570 2021 817 2117 quibus
896 2019 1225 2116 mythicae
1282 2021 1508 2114 potius
1562 2042 1887 2113 personae
1953 2042 2160 2115 quam
2217 2041 2386 2090 vero
2446 2017 2712 2088 homini

570 2155 817 2225 similis
874 2162 1052 2226 erat.
1123 2156 1203 2225 In
1263 2154 1394 2226 hoc
1453 2154 1673 2248 igitur
1741 2179 1895 2226 meo
1951 2153 2185 2226 libello
2261 2152 2712 2225 remotiorum

571 2300 955 2383 temporum
1003 2289 1515 2383 chronologicae
1556 2289 2108 2384 computationes
2148 2310 2390 2359 rursus
2437 2286 2711 2358 exami-

569 2424 953 2514 nabuntur,
981 2432 1074 2513 et,
1114 2424 1296 2520 quod
1323 2424 1413 2495 ad
1433 2425 1838 2521 Lycurgum
1868 2425 2141 2511 attinet,
2168 2422 2450 2517 paulum
2477 2420 2709 2523 forsan

570 2558 1138 2630 immutabuntur.
1177 2559 1358 2629 Rem
1393 2569 1623 2631 autem
1665 2558 1862 2631 illam
1911 2558 2088 2631 tanti
2124 2556 2360 2652 operis
2398 2578 2711 2651 aggres—

572 2717 717 2783 SUS,
801 2715 940 2763 non
1025 2692 1325 2785 propriis
1403 2692 1685 2764 demum
1741 2692 2015 2763 viribus
2075 2693 2269 2764 nisus
2334 2716 2515 2777 sum,
2592 2690 2714 2763 sed

573 2825 1047 2898 doctissimum
1087 2825 1406 2897 Grotium
1457 2826 1768 2915 adhibui,
1820 2828 1960 2922 qui,
2017 2828 2148 2900 etsi
2191 2850 2337 2899 rem
2373 2827 2522 2921 ipse
2571 2849 2710 2897 non

571 2985 863 3057 prorsus
893 2960 1174 3050 viderit,
1221 2962 1439 3034 multa
1469 2972 1704 3034 tamen
1752 2964 1953 3035 nobis
1983 2969 2405 3056 argumenta
2436 2959 2664 3032 attulit
2693 2984 2708 3029 ε

572 3117 838 3180 necnon
873 3093 1383 3189 benignissimo
1433 3120 1798 3190 germanae
1840 3096 2103 3168 scholae
2142 3096 2327 3191 apud
2354 3096 2715 3167 Romanos

575 3230 901 3301 directori
938 3228 1268 3324 Helbigio
1301 3230 1618 3324 pluribus
1654 3232 1825 3304 locis
1871 3231 2266 3303 consentire
2305 3230 2479 3301 mihi
2538 3207 2714 3325 gra—

575 3362 806 3454 tulor,
856 3364 1218 3456 ingratum
1276 3388 1548 3461 quoque
1606 3366 1915 3437 animum
1968 3362 2514 3453 manifestarem,
2579 3362 2715 3433 nisi

576 3500 923 3597 publicam
962 3501 1239 3572 laudem
1307 3500 1697 3571 tribuerem
1760 3498 2053 3592 egregio
2118 3498 2716 3592 dilectissimoque

577 3636 916 3729 magistro
950 3633 1235 3706 AEmilio
1270 3634 1506 3718 Belot,
1576 3635 1777 3727 cujus
1827 3632 2286 3705 excellentem
2326 3631 2715 3704 doctrinam

578 3769 662 3840 de
700 3768 937 3863 priore
979 3766 1273 3839 Graeciae
1301 3766 1592 3839 historia
1622 3766 1694 3836 iu
1730 3765 1983 3859 viginti
2024 3764 2460 3861 Thucydidis
2520 3764 2713 3859 capi-

577 3902 763 3975 tibus
836 3909 1192 3989 enarrata,
1264 3900 1333 3970 in
1393 3900 1821 3994 lugdunensi
1880 3901 2272 3972 litterarum
2352 3900 2410 3971 F
2414 3876 2718 3973 acultate

579 4013 1086 4131 expromptam,
1139 4034 1514 4127 diligenter
1563 4036 2007 4125 attendendO,
2041 4034 2354 4111 ‚multum
2393 4034 2722 4132 equidem⁸

575 4171 888 4242 lucratus
930 4194 1108 4243 sum.

673 4299 934 4369 Eorum
1009 4321 1178 4391 ergo
1253 4297 1336 4369 de
1391 4298 1862 4371 vetustissima
1941 4300 2347 4371 Graecorum
2421 4294 2715 4392 historia
