3131 5037
1195 543 1460 595 CAPUT
1502 541 1906 606 nmmum,
2498 542 2595 594 131²

457 676 731 770 Spartae
794 674 1169 767 collegium
1235 672 1450 744 fuisse
1531 671 1696 744 dicit
1772 672 2212 743 sacerdotum
2286 673 2594 767 *Apollini*

454 801 1019 889 inservientium,
1073 798 1215 894 qui,
1283 796 1581 893 delphici
1629 793 1898 868 oraculi
1958 797 2156 891 quasi
2217 821 2589 892 personam

454 932 805 1019 gerenteS‚
849 921 1421 995 lacedaemoniam
1454 919 1953 1014 rempublicam
1983 922 2185 1016 plura
2242 923 2596 996 adminis-=

456 1051 836 1122 travissent
885 1041 1203 1139 saecula3·
1248 1064 1550 1142 ‘quorum
1623 1047 1896 1142 primus
1965 1047 2284 1145 Λυκόεργος
2351 1050 2590 1122 vocari

458 1177 746 1267 soleret,
789 1174 974 1272 quod
1010 1171 1358 1268 Apollinis
1396 1188 1784 1266 cognomen
1828 1182 2043 1245 esset.

554 1302 729 1374 *Plus
777 1304 973 1398 justo
1014 1300 1465 1393 conjectanea
1511 1299 1918 1372 adhibuisse
1968 1300 2246 1373 doctum
2295 1302 2421 1374 sed
2455 1326 2588 1375 au·-

457 1426 760 1500 dacioris
804 1425 1078 1520 ingenii
1116 1425 1433 1501 criticum
1459 1425 1612 1519 jam
1656 1424 2010 1513 diximus3
2060 1449 2144 1498 ex
2182 1428 2311 1498 hac
2359 1437 2590 1501 tamen
2634 1439 2637 1440 ’

459 1553 612 1647 ejus
648 1552 982 1647 opinione}
998 1552 1266 1647 aliquid
1305 1552 1748 1624 verissimum
1778 1552 2115 1646 colligere
2146 1552 2340 1644 licet,
2378 1553 2450 1625 id
2485 1559 2591 1627 est

462 1677 857 1771 delphicum
887 1675 1283 1771 Apollinem
1318 1679 1408 1750 ad
1438 1677 1873 1751 condendam
1902 1680 2592 1775 conservandamque

447 1779 966 1898 'Spartanorum
1008 1803 1512 1898 rempublicam
1553 1803 1835 1875 maximi
1862 1804 2194 1874 momenti
2233 1801 2475 1879 fuisse.

561 1927 764 1999 Unde
792 1936 1025 2000 autem
1054 1928 1303 2000 intima
1327 1928 1450 2000 illa
1478 1929 2014 2000 communicatio
2042 1929 2356 2001 instituta
2385 1927 2595 2003 fuerit

463 2054 520 2124 si
588 2054 740 2149 quis
800 2052 1192 2149 disquirere
1252 2055 1511 2149 cupiat,
1567 2077 1854 2126 necesse
1918 2065 2022 2126 est
2089 2063 2374 2143 statum,
2443 2062 2594 2136 tum

463 2178 757 2271 delphici
812 2177 1111 2268 oraculi,
1169 2188 1317 2248 tum
1378 2178 2222 2269 Doriensium‘attendat,
2284 2187 2598 2274 tempore

464 2327 601 2398 quo
637 2302 940 2378 nondum
987 2303 1087 2377 illi
1120 2303 1606 2397 Peloponneso
1640 2303 1835 2398 potiti
1871 2313 2106 2396 erant3
2141 2313 2358 2376 tantae
2410 2305 2608 2376 enim‘

464 2428 827 2525 lycurgeae
868 2427 979 2501 vel
1007 2429 1377 2524 apollineae
1415 2429 1851 2502 auctoritatis
1895 2452 2176 2518 causam
2206 2454 2245 2502 e
2278 2431 2609 2525 longiore·

465 2578 671 2653 quam
738 2557 954 2649 vulgo
1042 2557 1347 2628 creditur
1425 2557 1879 2652 repetendam
1965 2581 2118 2630 esse
2183 2581 2597 2653 persuasum

463 2681 718 2769 habe0‚
741 2705 870 2753 nec
898 2704 938 2755 a
959 2681 1643 2755 Miilleri¹sententia
1671 2682 2041 2779 abl1orre0‚
2061 2686 2174 2780 qui
2204 2683 2596 2778 Apollinem

469 2807 664 2901 quasi
697 2806 1135 2879 Doriensium
1168 2806 1789 2902 patronumfuisse
1819 2807 2200 2880 contendit.

563 2932 734 3020 EoS,
776 2939 1143 3028 antequam
1182 2933 1255 3004 in
1283 2932 1765 3025 Peloponneso
1796 2934 2264 3021 considerent,
2301 2933 2594 3005 multum

469 3066 764 3151 vagatos
816 3054 1057 3149 fuisse,
1099 3082 1304 3130 nemo
1355 3060 1634 3151 quidem
1680 3060 1956 3152 ignorat
1972 3085 1992 3152 ;
2043 3060 2226 3154 apud
2268 3058 2596 3131 Herodo-

470 3188 615 3252 tum
644 3190 873 3256 autem
908 3182 1456 3278 pretiosissimus
1485 3184 1678 3255 locus
1716 3186 1922 3275 inest,
1953 3184 2072 3255 ubi
2102 3207 2343 3256 eorum
2382 3185 2600 3256 variae

469 3330 596 3406 per
663 3306 1006 3385 Graeciam
1069 3309 1677 3403 peregrinationes
1743 3318 2079 3381 notantur
2148 3333 2165 3378 z
2228 3310 2593 3399 Ionense3‚

466 3432 685 3533 inquit
702 3430 756 3521 ²,
841 3442 909 3505 et
981 3433 1370 3505 Dorienses
1441 3433 1533 3507 ab
1608 3435 1808 3506 omni
1880 3444 2199 3530 tempore
2274 3435 2601 3507 omnium

534 3670 551 3705 ¹
590 3668 651 3719 Ο.
673 3668 958 3726 Mannum,
992 3669 1099 3718 Die
1130 3669 1356 3728 Dor-ier,
1384 3670 1601 3735 passim.

533 3749 556 3784 ²
587 3748 797 3800 Hauon.
832 3749 872 3807 Ι,
902 3748 964 3797 56
993 3764 1005 3798 ε
1037 3783 1093 3799 ...
1123 3753 1295 3801 Ταῦτα
1317 3753 1409 3818 γὰρ
1441 3740 1500 3814 ἦν
1529 3754 1592 3802 τὰ
1622 3753 2010 3819 προκεκριμένα,
2041 3748 2192 3805 ἐόντα
2220 3754 2278 3805 τὸ
2305 3740 2515 3820 ἆρ’χαῖον
2541 3756 2602 3807 τὸ

471 3831 557 3894 μὲν
587 3830 924 3893 Πελασγικὸν,
947 3830 1008 3880 τὸ
1039 3829 1092 3881 δὲ
1126 3828 1412 3890 Ἑλληνικὸν
1446 3834 1605 3890 ἔθνος.
1636 3836 1739 3884 Καὶ
1769 3835 1825 3884 τὸ
1851 3834 1934 3897 μὲν
1968 3829 2162 3908 οὐδαμῇ
2198 3854 2272 3885 κω
2306 3830 2602 3901 ἐξεχώρησε,

470 3912 528 3960 τὸ
567 3909 621 3960 δὲ
656 3909 1034 3969 πολυπλάνητον
1075 3910 1253 3977 κάρτα.
1300 3910 1415 3961 Ἐπὶ
1448 3911 1532 3975 μὲν
1568 3911 1660 3979 γὰρ
1699 3915 2037 3972 Δευκαλίωνος
2078 3917 2309 3980 βασιλέος
2348 3916 2480 3966 οἴκεε
2513 3921 2602 3979 γῆν

469 3989 555 4054 τὴν
596 3996 816 4053 Φθιῆτιν,
847 3985 929 4040 ἐπὶ
960 3992 1012 4041 δὲ
1053 3993 1226 4058 Δώρου
1265 3998 1352 4042 τοῦ
1398 3991 1643 4052 Ἕλληνος
1675 3997 1763 4054 τήν
1808 3996 1905 4044 ὑπὸ
1943 3997 2028 4055 τὴν
2071 3994 2268 4047 Ὄσσαν
2304 4014 2355 4046 τε
2392 3997 2480 4046 καὶ
2513 3997 2602 4046 τὸν

473 4072 742 4136 Οὔλυμπον
770 4071 957 4139 χώρην,
986 4073 1287 4136 καλευμένην
1310 4075 1361 4123 δὲ
1393 4071 1695 4138 Ἱστιαιῆτιν·
1736 4075 1820 4127 Ἐκ
1842 4077 1892 4127 δέ
1924 4081 2011 4138 τῆς
2043 4074 2375 4140 Ἱστιαιήτιδος
2403 4074 2468 4134 ὡς
2491 4073 2605 4135 ἐξα-

472 4150 619 4209 νέστη
661 4149 760 4202 ὕπο
794 4151 1069 4213 Καδμείων,
1112 4151 1245 4202 οἷκεε
1290 4146 1340 4202 ἐν
1387 4154 1554 4218 Πίνδῳ
1598 4156 1858 4205 Μακεδνὸν
1908 4156 2227 4218 καλεύμενον.
2276 4157 2510 4208 Ενθεῦτεν
2550 4156 2604 4207 δὲ

474 4229 608 4286 αὖτις
639 4224 687 4286 ἐς
715 4226 801 4291 τὴν
833 4232 1092 4293 Δρυοπίδα
1125 4233 1320 4296 μετέὅη,
1347 4235 1435 4284 καὶ
1474 4230 1531 4284 ἐκ
1553 4239 1639 4298 τῆς
1667 4237 1941 4303 Δρυοπίδος
1973 4233 2103 4287 οὕτω
2127 4231 2175 4294 ἐς
2214 4237 2601 4300 Πελοπόννησον

472 4305 610 4363 ἐλθὸν
637 4309 851 4379 Δωρικὸν
883 4305 1081 4375 ἐκλήθη.
2294 4324 2297 4329 “
2420 4317 2427 4323 ’
