3131 5037
1188 586 1450 638 CAPUT
1494 585 1824 638 SEXTUM
2518 584 2584 634 79

405 793 406 796 Ἴ
441 723 584 804 tur,
625 714 1014 785 utsenatui
1057 715 1275 786 liceat
1304 715 1569 785 laevam
1585 713 1850 809 populi
1878 713 2324 785 sententiam
2371 712 2581 785 abro-

434 861 647 933 qam,
670 849 885 933 negat
906 838 1292 912 Trieberus
1322 838 1501 911 illud
1537 863 1931 934 congruere
1956 864 2111 911 cum
2148 839 2578 934 ephororum

440 964 901 1054 institutione,
948 989 1155 1061 quam
1186 965 1412 1038 eidem
1441 966 1888 1059 Theopompo
1919 966 2285 1058 assignare
2314 951 2576 1062 solent}

444 1112 581 1186 quo
604 1090 789 1162 enim
813 1089 1056 1162 modo¹
1102 1090 1255 1163 fieri
1309 1098 1560 1184 potest,
1604 1090 1855 1187 inquit,
1908 1100 1983 1162 ut
2029 1114 2170 1162 uno
2200 1089 2581 1185 eodemque

443 1225 753 1310 tempore
802 1215 1079 1309 regium
1117 1215 1488 1308 imperium
1525 1214 2026 1311 popularisque
2064 1225 2372 1311 potestas
2426 1214 2581 1286 ele-

442 1347 728 1430 ventur,
798 1363 927 1412 nec
997 1340 1085 1411 ab
1153 1339 1442 1413 alterius
1507 1340 1995 1412 imminutione
2064 1342 2574 1412 incrementum

440 1467 659 1539 altera
716 1467 985 1560 capiat?
1034 1466 1183 1536 Hoc
1213 1462 1415 1537 facile
1454 1463 1789 1537 refutabit
1825 1466 1943 1560 qui
1985 1465 2239 1537 viderit
2285 1489 2426 1536 non
2476 1466 2578 1537 ita

439 1592 783 1686 imprimis
828 1589 1248 1686 ephororum
1289 1590 1695 1687 productam
1725 1589 1942 1662 fuisse
1998 1590 2401 1686 potentiam,
2458 1591 2581 1663 sed

440 1716 613 1788 illud
642 1718 921 1789 demum
947 1740 1065 1808 eos
1097 1715 1383 1811 adeptos
1418 1739 1597 1804 esse,
1633 1725 1708 1786 ut
1728 1716 1798 1786 in
1818 1716 1968 1788 loco
1991 1739 2268 1811 regum,
2306 1715 2574 1811 quoties

432 1843 887 1937 juberentur,
916 1843 1035 1937 jus
1078 1841 1412 1914 dicerent.

536 1970 642 2041 Ita
706 1991 789 2041 ea
846 1968 1213 2040 diluuntur
1273 1990 1429 2063 quae
1491 1979 1732 2042 contra
1773 1970 2053 2042 rhetroe
2087 1968 2573 2041 auctoritatem

440 2095 707 2190 prolata
739 2102 966 2185 erant,
1030 2116 1157 2165 nec
1201 2092 1424 2190 pluris
1479 2094 1720 2168 valere
1780 2095 1992 2190 liquet
2031 2116 2112 2166 ea
2152 2117 2309 2189 quae
2339 2093 2573 2167 verbis

440 2218 657 2311 μεταξύ
707 2216 997 2306 Βαβύκας
1072 2246 1132 2289 τε
1197 2219 1299 2286 καὶ
1347 2220 1683 2298 Κνακιῶνος
1729 2243 1977 2291 eruere
2030 2228 2325 2291 conatur
2368 2219 2582 2291 Trie-

442 2344 729 2418 berus2.

543 2471 878 2568 Exquirit
911 2470 1031 2543 ille
1070 2470 1409 2566 quomodo
1437 2469 1697 2544 factum
1729 2472 1819 2544 sit
1857 2481 1932 2545 ut
1971 2471 2134 2569 quid
2163 2471 2314 2545 haec
2359 2494 2566 2544 voca-

439 2597 607 2669 bula
693 2596 1089 2692 significent
1157 2597 1308 2692 ipse
1384 2620 1709 2689 promere
1782 2598 2050 2670 omittat
2123 2596 2572 2687 Plutarchus3

441 2725 554 2819 qui
592 2724 773 2795 enim
815 2723 1380 2795 Lacedaemonios
1421 2722 1508 2793 de
1553 2746 1632 2794 re
1692 2724 2034 2795 sciscitari
2066 2732 2363 2818 poterat,
2410 2723 2577 2796 satis

440 2857 673 2921 tamen
704 2848 912 2921 habet
942 2847 1394 2919 Aristotelem
1432 2871 2003 2938 commemorare,
2049 2848 2163 2942 qui
2197 2847 2574 2942 Babycam

440 2982 722 3068 pontem
778 2973 1145 3068 quemdam
1198 2995 1352 3044 esse
1408 2995 1779 3066 perperam
1822 2972 2013 3044 dicit.
2072 2973 2199 3043 His
2245 2995 2378 3066 ego
2417 2973 2575 3044 ani-

442 3098 847 3186 madversiS‚
888 3095 1105 3169 infert
1173 3095 1554 3167 Trieberus
1629 3097 2082 3168 Plutarchum
2149 3096 2319 3197 quid
2398 3106 2582 3169 esset

443 3222 744 3317 Babyca
793 3221 1190 3315 percontari
1256 3244 1397 3291 non
1465 3221 1801 3314 potuisse,
1872 3222 2052 3292 hanc
2116 3220 2426 3313 profecto
2492 3221 2578 3292 ob

441 3369 744 3436 causam,
785 3346 966 3440 quod
1001 3345 1332 3417 ficticium
1360 3345 1539 3416 illud
1579 3345 1996 3416 vocabulum
2033 3343 2363 3416 falsarius
2413 3345 2580 3441 qui-

439 3470 600 3542 dam
652 3469 1214 3561 excogitavisset,
1290 3468 1431 3564 qui,
1504 3477 1582 3540 ut
1636 3469 1951 3539 mendaci
2023 3470 2306 3539 rhetroe
2365 3468 2579 3539 fidem

439 3593 725 3684 faceret,
757 3594 1164 3666 Aristotelis
1195 3616 1449 3665 nomen
1470 3565 1577 3665 ita.
1598 3593 2035 3665 adhibuerat.
2074 3636 2169 3646 —
2201 3596 2580 3686 Ingeniosa

443 3720 721 3815 quidem
774 3720 899 3790 illa
953 3718 1327 3807 conclusi0,
1397 3718 1518 3790 secl
1574 3742 1732 3815 quae
1786 3717 1997 3811 plane
2050 3718 2138 3789 ab
2221 3718 2572 3790 Urlichsio

439 3844 890 3937 redarguitur
922 3868 937 3913 ε
966 3843 1267 3914 ostendit
1294 3843 1415 3914 ille
1438 3843 1623 3914 enim
1656 3843 2008 3915 Plutarchi
2044 3852 2311 3914 textum
2340 3843 2414 3913 in
2451 3843 2579 3933 hoc

440 3972 588 4043 loco
645 3969 1053 4040 mendosum
1098 3991 1276 4057 esse,
1329 3968 1763 4062 verbumque
1815 3966 2090 4057 Τίασαν,
2147 3967 2331 4063 quod
2376 3977 2579 4038 vetus

441 4094 741 4166 fluminis
763 4092 1186 4189 Trypiotiko
1206 4115 1457 4164 nomen
1478 4101 1610 4181 est,
1636 4103 1790 4186 post
1810 4090 2101 4177 Βαβύκαν
2123 4090 2581 4186 probabiliter

503 4303 522 4337 ¹
558 4301 823 4362 Tamum,
862 4300 961 4362 Op.
994 4302 1110 4358 cit„
1154 4314 1202 4363 p.
1232 4298 1317 4350 27.

405 4450 412 4454 .
506 4378 529 4415 ²
561 4380 819 4434 Tmmzssn,
854 4380 952 4447 Op.
991 4379 1106 4439 cit„
1141 4394 1191 4442 p.
1222 4379 1303 4430 33.
