3131 5037
1184 1868 1474 1948 CAPUT
1531 1868 1898 1943 SEXTUM

458 2103 543 2145 AN
592 2101 1000 2145 LEGITIMUM
1049 2102 1160 2144 SIT
1206 2100 1642 2145 LYCURGEAS
1687 2099 2057 2143 ADHIBERE
2101 2097 2464 2144 RHETRAS
2511 2099 2600 2140 AD

696 2182 1135 2227 SPARTANAM
1174 2182 1758 2226 COGNOSCENDAM
1796 2182 2363 2227 REMl‘UBLICAMz
2444 2229 2447 2232 ,

556 2454 964 2550 Lycurgum
1012 2455 1166 2550 J’am
1212 2453 1512 2526 vidimus
1571 2477 1652 2532 eo
1714 2462 2022 2550 tempore
2084 2452 2279 2547 leges
2328 2454 2602 2526 dedisse

459 2605 617 2676 qu0,
651 2581 865 2653 rebus
888 2581 1179 2674 publicis
1218 2581 1497 2653 omnino
1528 2581 1857 2672 turbatis,
1890 2605 2044 2676 quae
2066 2581 2155 2653 ad
2176 2604 2418 2675 pacem
2440 2603 2600 2674 per-

462 2706 771 2778 tinebant
812 2706 1095 2801 quisque
1140 2717 1343 2801 grato
1401 2709 1634 2779 animo
1665 2708 2017 2802 acciperet
2059 2733 2073 2778 :
2133 2732 2291 2802 quae
2338 2706 2600 2778 fuerint

449 2831 596 2902 fillae
631 2831 828 2926 leges
856 2831 1147 2904 definire
1176 2833 1395 2905 multo
1434 2832 1790 2905 difficilius
1828 2843 1958 2923 est,
1990 2858 2202 2929 quum
2237 2842 2599 2905 auctorum

459 2969 599 3032 tam
677 2938 994 3032 {veterum
1058 2984 1269 3056 quam
1335 2961 1803 3033 recentiorum
1867 2961 1944 3033 in
2010 2986 2275 3034 morem
2334 2959 2604 3032 venerit

458 3085 688 3154 omnia
717 3108 1005 3180 quaeque
1054 3085 1324 3179 Spartae
1363 3086 1761 3181 repererint
1808 3086 2135 3179 Lycurgo
2185 3084 2596 3174 attribuere,

460 3234 589 3282 nec
639 3211 808 3281 satis
855 3210 1353 3301 internoscere,
1407 3219 1556 3282 tum
1614 3235 1766 3306 quae
1811 3223 1970 3285 ante
2011 3213 2411 3307 Lycurgum
2453 3211 2603 3305 jam

389 3389 392 3392 -
460 3334 808 3420 exstitisse
836 3330 1289 3408 m'anifestum
1324 3347 1454 3420 est,
1490 3348 1635 3409 tum
1667 3362 1825 3433 quae
1848 3337 1934 3409 ab
1967 3362 2046 3411 eo
2078 3337 2357 3433 quidem
2394 3360 2604 3431 pros-

459 3483 623 3553 pere
677 3460 978 3556 primum
1022 3463 1421 3551 constituta,
1483 3463 1557 3534 in
1616 3465 1817 3558 pejus
1858 3488 2041 3553 mOX,
2080 3471 2359 3558 propter
2406 3486 2605 3534 com-

459 3608 745 3656 munem
788 3609 1020 3658 rerum
1062 3589 1376 3660 omnium
1406 3598 1693 3677 sortem,
1741 3590 2206 3661 desciverant.

555 3708 859 3782 Multum
896 3712 1111 3805 igitur
1149 3714 1587 3786 lucraremur
1643 3714 1700 3785 si
1755 3738 1881 3808 per
1929 3712 2406 3785 diversissima
2448 3713 2600 3804 illa,

460 3863 618 3935 quae
671 3837 758 3910 de
821 3838 1103 3910 condita
1170 3851 1507 3935 spartana
1581 3839 2078 3913 constitutione
2167 3837 2602 3928 deferuntur,

458 3964 724 4060 aliquid
752 3964 1088 4037 adhibere
1117 3966 1404 4039 claretur
1444 3966 1628 4062 quod
1667 3989 1706 4038 a
1746 3967 2071 4063 Lycurgo
2133 3974 2450 4059 repetere
2479 3964 2600 4035 in-

459 4087 775 4162 dubitate
811 4114 1203 4185 possemus.

460 4222 466 4226 ’
557 4217 709 4288 Hoc
748 4214 1048 4288 fortasse
1087 4215 1634 4311 suppeditabunt
1662 4220 1941 4290 rlzetroe
1984 4219 2156 4310 illae,
2202 4241 2359 4315 quae
2397 4218 2606 4312 vulgo

460 4342 740 4437 quidem
771 4342 1161 4437 Lycurgeae
1201 4351 1575 4435 vocantur,
1608 4343 1694 4416 de
1724 4346 1980 4440 quibus
2021 4354 2250 4417 tamen
2280 4345 2378 4417 ita
2423 4343 2609 4439 apud
