3131 5037
1184 602 1455 654 CAPUT
1499 603 1826 655 PRIMUM
2550 600 2582 649 3

436 742 668 826 posset
698 756 848 805 rem
879 732 966 805 ab
1024 733 1382 805 Hellanico
1428 733 1602 806 adeo
1650 732 2050 804 summatim
2104 731 2574 827 praestrictam

436 854 679 946 fuisse,
725 866 800 929 ut
841 881 1005 931 suas
1045 858 1297 953 cuique
1341 869 1576 952 partes
1611 856 1846 929 facere
1909 857 2359 952 nequiverit3
2420 855 2582 929 for-

437 990 619 1054 tasse
650 984 861 1075 enim,
890 984 949 1055 si
977 983 1339 1056 materiam
1365 983 1593 1076 magis
1621 982 2296 1077 explicuisset,'quid
2314 982 2582 1077 Eurys·

435 1107 652 1197 theni,
708 1109 876 1204 quid
929 1109 1247 1203 Lycurgo
1296 1108 1744 1181 tribuendum
1789 1107 2121 1178 dixisset:
2158 1107 2572 1179 sententiam

436 1242 666 1305 autem
697 1256 894 1306 suam
923 1234 996 1305 in
1025 1235 1154 1306 hoc
1183 1233 1364 1305 libro
1388 1234 1736 1328 expressit
1767 1233 2138 1305 Historias
2161 1232 2494 1328 inscripto
2523 1231 2573 1320 ¹,

435 1358 620 1452 apud
678 1381 881 1454 quem
949 1358 1034 1431 de
1095 1359 1445 1455 spartanis
1515 1360 1725 1432 rebus
1801 1358 1995 1456 quasi
2059 1382 2145 1429 ex
2213 1356 2598 1430 occasione

434 1480 714 1554 demum
743 1483 1116 1577 agebatur.

530 1607 785 1681 Exhoc
817 1608 1056 1680 videre
1086 1609 1243 1682 licet
1290 1610 1552 1704 injuria
1599 1609 2067 1698 Hellanicum,
2113 1607 2574 1704 quemadmo-

434 1731 601 1803 dum
640 1757 766 1828 pro
795 1733 1163 1829 Lycurgo‚.
1187 1734 1284 1807 ita
1325 1747 1570 1808 contra
1606 1759 1764 1808 eum
1805 1733 2154 1806 adhiberi.

533 1858 944 1952 Opinionem
1017 1870 1323 1932 nostram
1390 1838 1794 1933 Herodotus
1875 1861 2083 1954 plane
2158 1860 2575 1949 confirmat:

436 1985 754 2079 quamvis
819 1986 1006 2059 enim
1074 2009 1293 2081 pauca
1375 1987 1461 2058 de
1516 1987 1844 2082 Lycurgo
1913 1985 2174 2059 referat
2206 1985 2261 2075 ²,
2330 2009 2576 2058 versus

440 2116 669 2181 tamen
731 2121 1067 2184 memorat
1125 2111 1375 2207 quibus
1432 2136 1591 2185 eum
1648 2113 1719 2183 iu
1781 2111 2139 2206 penetrale
2200 2113 2575 2184 intrantem

434 2234 835 2308 salutaverit
881 2236 1140 2332 Pythia
1166 2245 1234 2309 et
1282 2247 1520 2310 narrat
1563 2261 1639 2309 se
1680 2260 1721 2310 a
1778 2237 2328 2310 Lacedaemoniis
2371 2237 2579 2309 audi·-

432 2360 617 2432 visse
658 2369 1023 2457 spartanas
1054 2361 1250 2456 leges
1292 2386 1329 2434 e
1370 2365 1577 2437 Creta
1639 2388 1678 2436 a
1724 2363 2049 2460 Lycurgo
2089 2362 2339 2437 allatas
2390 2385 2571 2436 esse.

528 2486 637 2558 Ne
682 2509 936 2560 nomen
973 2487 1251 2584 quidem
1312 2489 1464 2584 ejus
1503 2490 1822 2562 enuntiat
1874 2486 2410 2585 Thucydides33
2454 2488 2578 2561 sed

435 2614 584 2707 ejus
621 2637 851 2710 operae
879 2613 1193 2687 alludere
1221 2616 1390 2686 mihi
1421 2616 1724 2707 videtur,
1755 2621 1967 2712 quum
1992 2617 2376 2711 Spartanos
2407 2615 2575 2686 dicit

431 2738 744 2811 eamdem
765 2739 1068 2812 civitatis
1102 2741 1674 2836 temperationem
1707 2728 2572 2837 plus'quadriugentorum

432 2886 776 2936 annorum
798 2865 1022 2960 spatio
1050 2866 1529 2938 intemeratam
1560 2868 1984 2939 servavisse.

536 2990 759 3062 Multo
798 2990 1208 3085 explicatior
1244 2992 1638 3086 Xenophon
1688 3003 1793 3065 est
1827 2993 1897 3063 in
1929 2992 2108 3064 libro
2146 2993 2264 3063 illo
2283 2992 2335 3079 ⁴,
2378 2993 2496 3088 qui
2533 3015 2574 3065 a

433 3103 792 3185 nonnullis
820 3114 1101 3209 quidem
1154 3116 1226 3186 in
1271 3116 1559 3188 dubium
1618 3125 1906 3189 vocatus
1957 3127 2088 3208 est,
2150 3141 2358 3213 quem
2404 3141 2571 3189 vero

431 3237 876 3333 Xenophonti
906 3241 1410 3334 assignandum
1450 3264 1607 3314 esse
1642 3241 1817 3314 alias
1875 3244 2326 3315 ostendimus,
2386 3241 2569 3313 Eum

354 3449 359 3456 ἢ
432 3364 803 3451 erravisse,
838 3388 918 3436 eo
949 3365 1134 3461 quod
1164 3367 1394 3437 omnia
1418 3367 1570 3438 sine
1601 3367 2001 3439 discrimine
2044 3368 2317 3463 Spartae
2354 3366 2569 3438 insti-

433 3495 584 3558 tuta
637 3487 966 3583 Lycurgo
1012 3489 1362 3577 tribuerit,
1420 3515 1582 3563 mox
1619 3500 2049 3586 compertum
2096 3490 2508 3563 habebimus
2546 3516 2561 3560 t

432 3612 586 3705 ejus
615 3613 818 3684 modo
862 3637 1053 3685 nunc
1090 3615 1161 3684 in
1209 3624 1613 3708 spartanum
1649 3615 2123 3710 legislatorem
2155 3616 2568 3688 admiratio-

434 3759 592 3807 nem
623 3737 1155 3831 consignemus,

531 3862 663 3945 Qui
728 3862 1295 3936 lacedaemoniam
1372 3865 1878 3959 rempublicam
1953 3867 2316 3962 perpendit
2372 3866 2569 3938 Aris-

498 4091 515 4123 ¹
554 4086 919 4148 fixeramus,
944 4089 1036 4136 Fr.
1065 4087 1146 4144 91.
1189 4103 1270 4153 ap.
1298 4088 1355 4138 C.
1380 4089 1741 4140 Montanum.
1785 4091 2014 4153 Fraqm.
2048 4088 2178 4140 hice.
2228 4102 2413 4151 yraec..
2458 4093 2495 4137 t.
2527 4088 2569 4143 1.

433 4181 483 4230 p.
509 4165 589 4215 57.

484 4240 520 4300 *²
551 4241 896 4293 Hssnonows..
930 4245 970 4304 1,
995 4244 1075 4295 65.

495 4320 518 4355 ³
551 4320 922 4382 Τιωοτυιοεε,
955 4325 994 4384 1,
1026 4325 1100 4374 18.

495 4399 520 4434 ⁴
554 4401 712 4460 Xan„
748 4404 911 4467 Hesp.
936 4405 1154 4465 Laced„
1181 4409 1245 4471 X,
1280 4410 1328 4459 8.
