<?xml version="1.0" encoding="UTF-8"?>
<!DOCTYPE html PUBLIC "-//W3C//DTD XHTML 1.0 Transitional//EN"
    "http://www.w3.org/TR/xhtml1/DTD/xhtml1-transitional.dtd">
<html xmlns="http://www.w3.org/1999/xhtml" xml:lang="en" lang="en">
 <head>
  <title>
</title>
<meta http-equiv="Content-Type" content="text/html;charset=utf-8" />
  <meta name='ocr-system' content='tesseract 3.04.00' />
  <meta name='ocr-capabilities' content='ocr_page ocr_carea ocr_par ocr_line ocrx_word'/>
</head>
<body>
  <div class='ocr_page' id='page_1' title='image "./delycurgothesis00bazigoog_0100.png"; bbox 0 0 3131 5037; ppageno 0'>
   <div class='ocr_carea' id='block_1_1' title="bbox 555 590 1883 647">
    <p class='ocr_par' dir='ltr' id='par_1_1' title="bbox 555 590 1883 647">
     <span class='ocr_line' id='line_1_1' title="bbox 555 590 1883 647; baseline 0.006 -8"><span class='ocrx_word' id='word_1_1' title='bbox 555 590 617 640; x_wconf 76' lang='lat'>’14</span> <span class='ocrx_word' id='word_1_2' title='bbox 1354 593 1456 644; x_wconf 87' lang='lat' dir='ltr'>DE</span> <span class='ocrx_word' id='word_1_3' title='bbox 1499 593 1883 647; x_wconf 87' lang='lat' dir='ltr'>LYCURGO</span> 
     </span>
    </p>
   </div>
   <div class='ocr_carea' id='block_1_2' title="bbox 506 700 2693 4188">
    <p class='ocr_par' dir='ltr' id='par_1_2' title="bbox 506 700 2693 4188">
     <span class='ocr_line' id='line_1_2' title="bbox 554 700 2693 822; baseline 0.005 -33"><span class='ocrx_word' id='word_1_4' title='bbox 554 718 828 814; x_wconf 88' lang='lat' dir='ltr'>Spartae</span> <span class='ocrx_word' id='word_1_5' title='bbox 868 719 1438 796; x_wconf 82' lang='lat' dir='ltr'>rescinderentur</span> <span class='ocrx_word' id='word_1_6' title='bbox 1464 723 1704 813; x_wconf 81' lang='lat' dir='ltr'>luxuS,</span> <span class='ocrx_word' id='word_1_7' title='bbox 1758 734 2346 821; x_wconf 85' lang='lat' dir='ltr'>sumptuosusque</span> <span class='ocrx_word' id='word_1_8' title='bbox 2379 700 2693 822; x_wconf 19' lang='lat' dir='ltr'>*appara-</span> 
     </span>
     <span class='ocr_line' id='line_1_3' title="bbox 555 848 2692 945; baseline 0.002 -27"><span class='ocrx_word' id='word_1_9' title='bbox 555 856 692 920; x_wconf 87' lang='lat' dir='ltr'>tus.</span> <span class='ocrx_word' id='word_1_10' title='bbox 721 848 796 921; x_wconf 76' lang='lat' dir='ltr'>Si</span> <span class='ocrx_word' id='word_1_11' title='bbox 818 848 970 943; x_wconf 90' lang='lat' dir='ltr'>quis</span> <span class='ocrx_word' id='word_1_12' title='bbox 990 857 1226 920; x_wconf 90' lang='lat' dir='ltr'>autem</span> <span class='ocrx_word' id='word_1_13' title='bbox 1252 873 1400 922; x_wconf 89' lang='lat' dir='ltr'>rem</span> <span class='ocrx_word' id='word_1_14' title='bbox 1422 859 1686 923; x_wconf 89' lang='lat' dir='ltr'>attente</span> <span class='ocrx_word' id='word_1_15' title='bbox 1707 851 2166 945; x_wconf 84' lang='lat' dir='ltr'>perspexerit,</span> <span class='ocrx_word' id='word_1_16' title='bbox 2208 849 2475 924; x_wconf 90' lang='lat' dir='ltr'>videbit</span> <span class='ocrx_word' id='word_1_17' title='bbox 2509 852 2692 923; x_wconf 89' lang='lat' dir='ltr'>hanc</span> 
     </span>
     <span class='ocr_line' id='line_1_4' title="bbox 550 974 2682 1080; baseline 0.003 -37"><span class='ocrx_word' id='word_1_18' title='bbox 550 974 884 1046; x_wconf 74' lang='lat' dir='ltr'>rhetram</span> <span class='ocrx_word' id='word_1_19' title='bbox 910 974 1127 1046; x_wconf 89' lang='lat' dir='ltr'>multo</span> <span class='ocrx_word' id='word_1_20' title='bbox 1163 975 1615 1048; x_wconf 89' lang='lat' dir='ltr'>verisimilius</span> <span class='ocrx_word' id='word_1_21' title='bbox 1665 977 1754 1047; x_wconf 89' lang='lat' dir='ltr'>ad</span> <span class='ocrx_word' id='word_1_22' title='bbox 1803 987 2075 1072; x_wconf 92' lang='lat' dir='ltr'>tempus</span> <span class='ocrx_word' id='word_1_23' title='bbox 2103 977 2276 1080; x_wconf 83' lang='lat' dir='ltr'>illud</span> <span class='ocrx_word' id='word_1_24' title='bbox 2297 978 2682 1071; x_wconf 88' lang='lat' dir='ltr'>pertinere,</span> 
     </span>
     <span class='ocr_line' id='line_1_5' title="bbox 549 1100 2687 1196; baseline -0 -22"><span class='ocrx_word' id='word_1_25' title='bbox 549 1122 682 1195; x_wconf 88' lang='lat' dir='ltr'>quo</span> <span class='ocrx_word' id='word_1_26' title='bbox 739 1100 1143 1191; x_wconf 86' lang='lat' dir='ltr'>Dorienses,</span> <span class='ocrx_word' id='word_1_27' title='bbox 1212 1124 1339 1196; x_wconf 92' lang='lat' dir='ltr'>per</span> <span class='ocrx_word' id='word_1_28' title='bbox 1407 1101 1755 1174; x_wconf 86' lang='lat' dir='ltr'>Graeciam</span> <span class='ocrx_word' id='word_1_29' title='bbox 1811 1102 2242 1189; x_wconf 84' lang='lat' dir='ltr'>incedentes,</span> <span class='ocrx_word' id='word_1_30' title='bbox 2314 1104 2687 1175; x_wconf 92' lang='lat' dir='ltr'>continuas</span> 
     </span>
     <span class='ocr_line' id='line_1_6' title="bbox 549 1224 2689 1321; baseline 0.001 -25"><span class='ocrx_word' id='word_1_31' title='bbox 549 1249 705 1297; x_wconf 92' lang='lat' dir='ltr'>cum</span> <span class='ocrx_word' id='word_1_32' title='bbox 733 1224 986 1297; x_wconf 90' lang='lat' dir='ltr'>vicinis</span> <span class='ocrx_word' id='word_1_33' title='bbox 1015 1226 1294 1321; x_wconf 90' lang='lat' dir='ltr'>populis</span> <span class='ocrx_word' id='word_1_34' title='bbox 1347 1250 1620 1321; x_wconf 88' lang='lat' dir='ltr'>pugnas</span> <span class='ocrx_word' id='word_1_35' title='bbox 1669 1227 1964 1301; x_wconf 87' lang='lat' dir='ltr'>inibant.</span> <span class='ocrx_word' id='word_1_36' title='bbox 1998 1229 2210 1315; x_wconf 28' lang='lat' dir='ltr'>*Quid</span> <span class='ocrx_word' id='word_1_37' title='bbox 2263 1231 2500 1301; x_wconf 56' lang='lat' dir='ltr'>enim?</span> <span class='ocrx_word' id='word_1_38' title='bbox 2549 1231 2689 1301; x_wconf 88' lang='lat' dir='ltr'>Fac</span> 
     </span>
     <span class='ocr_line' id='line_1_7' title="bbox 547 1351 2686 1446; baseline 0.002 -23"><span class='ocrx_word' id='word_1_39' title='bbox 547 1351 927 1446; x_wconf 85' lang='lat' dir='ltr'>Spartanos</span> <span class='ocrx_word' id='word_1_40' title='bbox 981 1353 1349 1425; x_wconf 80' lang='lat' dir='ltr'>delicatam</span> <span class='ocrx_word' id='word_1_41' title='bbox 1403 1354 1712 1444; x_wconf 89' lang='lat' dir='ltr'>domum,</span> <span class='ocrx_word' id='word_1_42' title='bbox 1766 1355 2086 1428; x_wconf 93' lang='lat' dir='ltr'>omnibus</span> <span class='ocrx_word' id='word_1_43' title='bbox 2131 1356 2510 1427; x_wconf 91' lang='lat' dir='ltr'>commodis</span> <span class='ocrx_word' id='word_1_44' title='bbox 2562 1380 2686 1427; x_wconf 88' lang='lat' dir='ltr'>or·-</span> 
     </span>
     <span class='ocr_line' id='line_1_8' title="bbox 545 1479 2686 1577; baseline 0.003 -28"><span class='ocrx_word' id='word_1_45' title='bbox 545 1488 779 1555; x_wconf 88' lang='lat' dir='ltr'>natam</span> <span class='ocrx_word' id='word_1_46' title='bbox 830 1479 1229 1553; x_wconf 90' lang='lat' dir='ltr'>inhabitare</span> <span class='ocrx_word' id='word_1_47' title='bbox 1274 1481 1513 1552; x_wconf 91' lang='lat' dir='ltr'>solitos</span> <span class='ocrx_word' id='word_1_48' title='bbox 1558 1505 1736 1574; x_wconf 89' lang='lat' dir='ltr'>esse,</span> <span class='ocrx_word' id='word_1_49' title='bbox 1777 1483 1942 1577; x_wconf 90' lang='lat' dir='ltr'>quis.</span> <span class='ocrx_word' id='word_1_50' title='bbox 1971 1483 2212 1555; x_wconf 90' lang='lat' dir='ltr'>credat</span> <span class='ocrx_word' id='word_1_51' title='bbox 2268 1484 2353 1554; x_wconf 91' lang='lat' dir='ltr'>ab</span> <span class='ocrx_word' id='word_1_52' title='bbox 2405 1482 2686 1555; x_wconf 88' lang='lat' dir='ltr'>homine</span> 
     </span>
     <span class='ocr_line' id='line_1_9' title="bbox 544 1604 2684 1701; baseline 0 -24"><span class='ocrx_word' id='word_1_53' title='bbox 544 1606 873 1701; x_wconf 88' lang='lat' dir='ltr'>quopiam</span> <span class='ocrx_word' id='word_1_54' title='bbox 901 1604 1254 1678; x_wconf 85' lang='lat' dir='ltr'>luxuriam</span> <span class='ocrx_word' id='word_1_55' title='bbox 1302 1607 1473 1687; x_wconf 87' lang='lat' dir='ltr'>adeo</span> <span class='ocrx_word' id='word_1_56' title='bbox 1524 1608 1893 1679; x_wconf 89' lang='lat' dir='ltr'>coercitam</span> <span class='ocrx_word' id='word_1_57' title='bbox 1921 1605 2167 1698; x_wconf 89' lang='lat' dir='ltr'>fuisse,</span> <span class='ocrx_word' id='word_1_58' title='bbox 2218 1618 2295 1679; x_wconf 94' lang='lat' dir='ltr'>ut</span> <span class='ocrx_word' id='word_1_59' title='bbox 2340 1607 2527 1680; x_wconf 90' lang='lat' dir='ltr'>cives</span> <span class='ocrx_word' id='word_1_60' title='bbox 2562 1607 2684 1678; x_wconf 91' lang='lat' dir='ltr'>ille</span> 
     </span>
     <span class='ocr_line' id='line_1_10' title="bbox 538 1729 2685 1827; baseline -0 -26"><span class='ocrx_word' id='word_1_61' title='bbox 538 1731 615 1801; x_wconf 92' lang='lat' dir='ltr'>in</span> <span class='ocrx_word' id='word_1_62' title='bbox 665 1730 922 1824; x_wconf 83' lang='lat' dir='ltr'>ligneis</span> <span class='ocrx_word' id='word_1_63' title='bbox 960 1731 1213 1802; x_wconf 90' lang='lat' dir='ltr'>casulis</span> <span class='ocrx_word' id='word_1_64' title='bbox 1251 1731 1498 1803; x_wconf 90' lang='lat' dir='ltr'>vivere</span> <span class='ocrx_word' id='word_1_65' title='bbox 1535 1734 1884 1825; x_wconf 64' lang='lat' dir='ltr'>coegerit?</span> <span class='ocrx_word' id='word_1_66' title='bbox 1920 1734 2256 1806; x_wconf 80' lang='lat' dir='ltr'>Pessimae</span> <span class='ocrx_word' id='word_1_67' title='bbox 2287 1757 2458 1827; x_wconf 86' lang='lat' dir='ltr'>ergo</span> <span class='ocrx_word' id='word_1_68' title='bbox 2512 1729 2685 1806; x_wconf 92' lang='lat' dir='ltr'>mihi</span> 
     </span>
     <span class='ocr_line' id='line_1_11' title="bbox 538 1856 2684 1955; baseline 0.001 -27"><span class='ocrx_word' id='word_1_69' title='bbox 538 1856 863 1928; x_wconf 90' lang='lat' dir='ltr'>videntur</span> <span class='ocrx_word' id='word_1_70' title='bbox 929 1857 1238 1928; x_wconf 90' lang='lat' dir='ltr'>rationes</span> <span class='ocrx_word' id='word_1_71' title='bbox 1302 1880 1345 1929; x_wconf 94' lang='lat' dir='ltr'>a</span> <span class='ocrx_word' id='word_1_72' title='bbox 1406 1856 1792 1931; x_wconf 85' lang='lat' dir='ltr'>Plutarcho</span> <span class='ocrx_word' id='word_1_73' title='bbox 1820 1859 2079 1950; x_wconf 89' lang='lat' dir='ltr'>allatae,</span> <span class='ocrx_word' id='word_1_74' title='bbox 2142 1861 2261 1955; x_wconf 89' lang='lat' dir='ltr'>qui</span> <span class='ocrx_word' id='word_1_75' title='bbox 2325 1860 2684 1931; x_wconf 85' lang='lat' dir='ltr'>contendit</span> 
     </span>
     <span class='ocr_line' id='line_1_12' title="bbox 538 1981 2680 2079; baseline 0 -24"><span class='ocrx_word' id='word_1_76' title='bbox 538 1993 692 2079; x_wconf 89' lang='lat' dir='ltr'>post</span> <span class='ocrx_word' id='word_1_77' title='bbox 729 1982 945 2054; x_wconf 89' lang='lat' dir='ltr'>latam</span> <span class='ocrx_word' id='word_1_78' title='bbox 975 2004 1017 2052; x_wconf 93' lang='lat' dir='ltr'>a</span> <span class='ocrx_word' id='word_1_79' title='bbox 1049 1981 1371 2077; x_wconf 81' lang='lat' dir='ltr'>Lycurgo</span> <span class='ocrx_word' id='word_1_80' title='bbox 1393 1984 1654 2077; x_wconf 89' lang='lat' dir='ltr'>legem,</span> <span class='ocrx_word' id='word_1_81' title='bbox 1688 1985 2068 2078; x_wconf 85' lang='lat' dir='ltr'>Spartanos</span> <span class='ocrx_word' id='word_1_82' title='bbox 2097 1986 2247 2078; x_wconf 78' lang='lat' dir='ltr'>J‘am</span> <span class='ocrx_word' id='word_1_83' title='bbox 2284 2008 2412 2079; x_wconf 90' lang='lat' dir='ltr'>pro</span> <span class='ocrx_word' id='word_1_84' title='bbox 2453 1984 2680 2057; x_wconf 91' lang='lat' dir='ltr'>nihilo</span> 
     </span>
     <span class='ocr_line' id='line_1_13' title="bbox 537 2107 2679 2205; baseline 0.001 -25"><span class='ocrx_word' id='word_1_85' title='bbox 537 2119 606 2181; x_wconf 89' lang='lat' dir='ltr'>et</span> <span class='ocrx_word' id='word_1_86' title='bbox 649 2108 866 2181; x_wconf 90' lang='lat' dir='ltr'>lectos</span> <span class='ocrx_word' id='word_1_87' title='bbox 898 2108 1255 2199; x_wconf 81' lang='lat' dir='ltr'>argenteis</span> <span class='ocrx_word' id='word_1_88' title='bbox 1284 2108 1576 2203; x_wconf 90' lang='lat' dir='ltr'>pedibus</span> <span class='ocrx_word' id='word_1_89' title='bbox 1608 2107 1818 2181; x_wconf 88' lang='lat' dir='ltr'>fultos</span> <span class='ocrx_word' id='word_1_90' title='bbox 1846 2110 2156 2200; x_wconf 82' lang='lat' dir='ltr'>duxisse,</span> <span class='ocrx_word' id='word_1_91' title='bbox 2213 2119 2277 2180; x_wconf 88' lang='lat' dir='ltr'>et</span> <span class='ocrx_word' id='word_1_92' title='bbox 2324 2120 2679 2205; x_wconf 82' lang='lat' dir='ltr'>purpurea</span> 
     </span>
     <span class='ocr_line' id='line_1_14' title="bbox 537 2234 2678 2329; baseline 0 -25"><span class='ocrx_word' id='word_1_93' title='bbox 537 2235 870 2327; x_wconf 87' lang='lat' dir='ltr'>stragula,</span> <span class='ocrx_word' id='word_1_94' title='bbox 914 2242 982 2304; x_wconf 92' lang='lat' dir='ltr'>et</span> <span class='ocrx_word' id='word_1_95' title='bbox 1020 2257 1274 2306; x_wconf 90' lang='lat' dir='ltr'>aureos</span> <span class='ocrx_word' id='word_1_96' title='bbox 1312 2234 1586 2323; x_wconf 83' lang='lat' dir='ltr'>caliceS,</span> <span class='ocrx_word' id='word_1_97' title='bbox 1643 2245 2112 2329; x_wconf 90' lang='lat' dir='ltr'>sumptuosam</span> <span class='ocrx_word' id='word_1_98' title='bbox 2151 2234 2450 2329; x_wconf 86' lang='lat' dir='ltr'>denique</span> <span class='ocrx_word' id='word_1_99' title='bbox 2481 2234 2678 2306; x_wconf 91' lang='lat' dir='ltr'>illam</span> 
     </span>
     <span class='ocr_line' id='line_1_15' title="bbox 534 2358 2671 2453; baseline 0 -23"><span class='ocrx_word' id='word_1_100' title='bbox 534 2358 1061 2453; x_wconf 91' lang='lat' dir='ltr'>supellectilem,</span> <span class='ocrx_word' id='word_1_101' title='bbox 1086 2382 1242 2453; x_wconf 89' lang='lat' dir='ltr'>quae</span> <span class='ocrx_word' id='word_1_102' title='bbox 1272 2382 1313 2430; x_wconf 88' lang='lat' dir='ltr'>a</span> <span class='ocrx_word' id='word_1_103' title='bbox 1332 2359 1493 2430; x_wconf 90' lang='lat' dir='ltr'>vilis</span> <span class='ocrx_word' id='word_1_104' title='bbox 1517 2382 1700 2430; x_wconf 89' lang='lat' dir='ltr'>casae</span> <span class='ocrx_word' id='word_1_105' title='bbox 1722 2360 2159 2453; x_wconf 88' lang='lat' dir='ltr'>simplicitate</span> <span class='ocrx_word' id='word_1_106' title='bbox 2180 2360 2440 2431; x_wconf 91' lang='lat' dir='ltr'>absona</span> <span class='ocrx_word' id='word_1_107' title='bbox 2461 2370 2671 2433; x_wconf 91' lang='lat' dir='ltr'>esset.</span> 
     </span>
     <span class='ocr_line' id='line_1_16' title="bbox 534 2484 2677 2579; baseline 0.001 -23"><span class='ocrx_word' id='word_1_108' title='bbox 534 2487 810 2571; x_wconf 87' lang='lat' dir='ltr'>Quanto</span> <span class='ocrx_word' id='word_1_109' title='bbox 844 2484 1335 2557; x_wconf 88' lang='lat' dir='ltr'>verisimiliora</span> <span class='ocrx_word' id='word_1_110' title='bbox 1392 2486 1590 2579; x_wconf 91' lang='lat' dir='ltr'>sequi</span> <span class='ocrx_word' id='word_1_111' title='bbox 1630 2486 1974 2574; x_wconf 90' lang='lat' dir='ltr'>videmur,</span> <span class='ocrx_word' id='word_1_112' title='bbox 2012 2487 2070 2558; x_wconf 88' lang='lat' dir='ltr'>si</span> <span class='ocrx_word' id='word_1_113' title='bbox 2109 2487 2291 2560; x_wconf 91' lang='lat' dir='ltr'>hanc</span> <span class='ocrx_word' id='word_1_114' title='bbox 2335 2489 2677 2561; x_wconf 74' lang='lat' dir='ltr'>rhetram</span> 
     </span>
     <span class='ocr_line' id='line_1_17' title="bbox 534 2610 2673 2705; baseline 0 -23"><span class='ocrx_word' id='word_1_115' title='bbox 534 2620 846 2705; x_wconf 89' lang='lat' dir='ltr'>tempore</span> <span class='ocrx_word' id='word_1_116' title='bbox 920 2610 1042 2682; x_wconf 91' lang='lat' dir='ltr'>illo</span> <span class='ocrx_word' id='word_1_117' title='bbox 1105 2610 1466 2705; x_wconf 78' lang='lat' dir='ltr'>ponimUS,</span> <span class='ocrx_word' id='word_1_118' title='bbox 1529 2635 1665 2705; x_wconf 87' lang='lat' dir='ltr'>quo</span> <span class='ocrx_word' id='word_1_119' title='bbox 1714 2611 2026 2682; x_wconf 89' lang='lat' dir='ltr'>nondum</span> <span class='ocrx_word' id='word_1_120' title='bbox 2082 2612 2156 2683; x_wconf 89' lang='lat' dir='ltr'>in</span> <span class='ocrx_word' id='word_1_121' title='bbox 2195 2612 2430 2685; x_wconf 91' lang='lat' dir='ltr'>sedem</span> <span class='ocrx_word' id='word_1_122' title='bbox 2484 2614 2673 2686; x_wconf 91' lang='lat' dir='ltr'>illam</span> 
     </span>
     <span class='ocr_line' id='line_1_18' title="bbox 530 2736 2667 2833; baseline 0.001 -24"><span class='ocrx_word' id='word_1_123' title='bbox 530 2738 1014 2833; x_wconf 91' lang='lat' dir='ltr'>pervenissent</span> <span class='ocrx_word' id='word_1_124' title='bbox 1058 2736 1435 2808; x_wconf 89' lang='lat' dir='ltr'>Dorienses</span> <span class='ocrx_word' id='word_1_125' title='bbox 1497 2760 1704 2831; x_wconf 90' lang='lat' dir='ltr'>quam</span> <span class='ocrx_word' id='word_1_126' title='bbox 1773 2737 2125 2830; x_wconf 86' lang='lat' dir='ltr'>posterius</span> <span class='ocrx_word' id='word_1_127' title='bbox 2200 2739 2667 2811; x_wconf 89' lang='lat' dir='ltr'>incoluerunt.</span> 
     </span>
     <span class='ocr_line' id='line_1_19' title="bbox 530 2860 2672 2959; baseline -0 -23"><span class='ocrx_word' id='word_1_128' title='bbox 530 2865 710 2936; x_wconf 85' lang='lat' dir='ltr'>Rem</span> <span class='ocrx_word' id='word_1_129' title='bbox 731 2887 863 2959; x_wconf 85' lang='lat' dir='ltr'>quo</span> <span class='ocrx_word' id='word_1_130' title='bbox 894 2860 1142 2932; x_wconf 91' lang='lat' dir='ltr'>melius</span> <span class='ocrx_word' id='word_1_131' title='bbox 1173 2862 1550 2932; x_wconf 89' lang='lat' dir='ltr'>enodemus</span> <span class='ocrx_word' id='word_1_132' title='bbox 1562 2917 1580 2953; x_wconf 93' lang='lat'>,</span> <span class='ocrx_word' id='word_1_133' title='bbox 1599 2885 1885 2933; x_wconf 89' lang='lat' dir='ltr'>necesse</span> <span class='ocrx_word' id='word_1_134' title='bbox 1917 2872 2019 2934; x_wconf 90' lang='lat' dir='ltr'>est</span> <span class='ocrx_word' id='word_1_135' title='bbox 2048 2863 2453 2935; x_wconf 89' lang='lat' dir='ltr'>memoriam</span> <span class='ocrx_word' id='word_1_136' title='bbox 2478 2864 2672 2935; x_wconf 89' lang='lat' dir='ltr'>illius</span> 
     </span>
     <span class='ocr_line' id='line_1_20' title="bbox 506 2986 2673 3084; baseline 0 -24"><span class='ocrx_word' id='word_1_137' title='bbox 506 2987 660 3060; x_wconf 91' lang='lat' dir='ltr'>loci</span> <span class='ocrx_word' id='word_1_138' title='bbox 706 3010 1085 3077; x_wconf 90' lang='lat' dir='ltr'>renovare,</span> <span class='ocrx_word' id='word_1_139' title='bbox 1117 2987 1192 3057; x_wconf 91' lang='lat' dir='ltr'>in</span> <span class='ocrx_word' id='word_1_140' title='bbox 1223 3010 1357 3081; x_wconf 88' lang='lat' dir='ltr'>quo</span> <span class='ocrx_word' id='word_1_141' title='bbox 1396 2986 1848 3083; x_wconf 83' lang='lat' dir='ltr'>Thucydides</span> <span class='ocrx_word' id='word_1_142' title='bbox 1887 2986 1910 3028; x_wconf 80' lang='lat'><strong>¹</strong></span> <span class='ocrx_word' id='word_1_143' title='bbox 1956 2987 2298 3084; x_wconf 87' lang='lat' dir='ltr'>Hellenas</span> <span class='ocrx_word' id='word_1_144' title='bbox 2356 2989 2673 3084; x_wconf 80' lang='lat' dir='ltr'>depingit</span> 
     </span>
     <span class='ocr_line' id='line_1_21' title="bbox 526 3110 2670 3206; baseline 0.001 -24"><span class='ocrx_word' id='word_1_145' title='bbox 526 3113 693 3184; x_wconf 91' lang='lat' dir='ltr'>hinc</span> <span class='ocrx_word' id='word_1_146' title='bbox 736 3113 931 3184; x_wconf 90' lang='lat' dir='ltr'>illinc</span> <span class='ocrx_word' id='word_1_147' title='bbox 966 3113 1063 3184; x_wconf 89' lang='lat' dir='ltr'>ita</span> <span class='ocrx_word' id='word_1_148' title='bbox 1097 3134 1384 3205; x_wconf 89' lang='lat' dir='ltr'>gressus</span> <span class='ocrx_word' id='word_1_149' title='bbox 1422 3110 1836 3203; x_wconf 82' lang='lat' dir='ltr'>inferenteS,</span> <span class='ocrx_word' id='word_1_150' title='bbox 1872 3122 1946 3183; x_wconf 93' lang='lat' dir='ltr'>ut</span> <span class='ocrx_word' id='word_1_151' title='bbox 1974 3135 2225 3206; x_wconf 90' lang='lat' dir='ltr'>parum</span> <span class='ocrx_word' id='word_1_152' title='bbox 2261 3113 2380 3184; x_wconf 90' lang='lat' dir='ltr'>diu</span> <span class='ocrx_word' id='word_1_153' title='bbox 2411 3114 2670 3186; x_wconf 90' lang='lat' dir='ltr'>ibidem</span> 
     </span>
     <span class='ocr_line' id='line_1_22' title="bbox 529 3235 2669 3311; baseline 0.001 -2"><span class='ocrx_word' id='word_1_154' title='bbox 529 3249 1121 3310; x_wconf 87' lang='lat' dir='ltr'>commorarentur</span> <span class='ocrx_word' id='word_1_155' title='bbox 1158 3264 1175 3310; x_wconf 69' lang='grc' dir='ltr'>ι</span> <span class='ocrx_word' id='word_1_156' title='bbox 1219 3236 1340 3308; x_wconf 89' lang='lat' dir='ltr'>ubi</span> <span class='ocrx_word' id='word_1_157' title='bbox 1389 3237 1575 3309; x_wconf 91' lang='lat' dir='ltr'>enim</span> <span class='ocrx_word' id='word_1_158' title='bbox 1605 3261 1754 3309; x_wconf 94' lang='lat' dir='ltr'>cum</span> <span class='ocrx_word' id='word_1_159' title='bbox 1789 3235 2063 3309; x_wconf 91' lang='lat' dir='ltr'>feminis</span> <span class='ocrx_word' id='word_1_160' title='bbox 2110 3261 2192 3309; x_wconf 89' lang='lat' dir='ltr'>ac</span> <span class='ocrx_word' id='word_1_161' title='bbox 2231 3238 2472 3309; x_wconf 91' lang='lat' dir='ltr'>liberis</span> <span class='ocrx_word' id='word_1_162' title='bbox 2533 3240 2669 3311; x_wconf 89' lang='lat' dir='ltr'>ad-</span> 
     </span>
     <span class='ocr_line' id='line_1_23' title="bbox 527 3362 2669 3457; baseline 0.001 -23"><span class='ocrx_word' id='word_1_163' title='bbox 527 3362 929 3454; x_wconf 81' lang='lat' dir='ltr'>veniebant,</span> <span class='ocrx_word' id='word_1_164' title='bbox 965 3364 1063 3434; x_wconf 90' lang='lat' dir='ltr'>ibi</span> <span class='ocrx_word' id='word_1_165' title='bbox 1081 3363 1359 3457; x_wconf 88' lang='lat' dir='ltr'>ligneas</span> <span class='ocrx_word' id='word_1_166' title='bbox 1386 3386 1582 3435; x_wconf 91' lang='lat' dir='ltr'>casas</span> <span class='ocrx_word' id='word_1_167' title='bbox 1613 3362 2081 3453; x_wconf 90' lang='lat' dir='ltr'>instruebant,</span> <span class='ocrx_word' id='word_1_168' title='bbox 2111 3387 2403 3457; x_wconf 88' lang='lat' dir='ltr'>quarum</span> <span class='ocrx_word' id='word_1_169' title='bbox 2433 3364 2669 3436; x_wconf 89' lang='lat' dir='ltr'>trabes</span> 
     </span>
     <span class='ocr_line' id='line_1_24' title="bbox 528 3481 2666 3584; baseline 0 -24"><span class='ocrx_word' id='word_1_170' title='bbox 528 3489 643 3560; x_wconf 88' lang='lat' dir='ltr'>vel</span> <span class='ocrx_word' id='word_1_171' title='bbox 706 3512 938 3560; x_wconf 90' lang='lat' dir='ltr'>secum</span> <span class='ocrx_word' id='word_1_172' title='bbox 1004 3481 1338 3561; x_wconf 84' lang='lat' dir='ltr'>armentis</span> <span class='ocrx_word' id='word_1_173' title='bbox 1405 3489 1781 3578; x_wconf 87' lang='lat' dir='ltr'>vehebant,</span> <span class='ocrx_word' id='word_1_174' title='bbox 1844 3488 1960 3559; x_wconf 86' lang='lat' dir='ltr'>vel</span> <span class='ocrx_word' id='word_1_175' title='bbox 1998 3488 2071 3558; x_wconf 92' lang='lat' dir='ltr'>in</span> <span class='ocrx_word' id='word_1_176' title='bbox 2139 3489 2388 3560; x_wconf 87' lang='lat' dir='ltr'>vicinis</span> <span class='ocrx_word' id='word_1_177' title='bbox 2447 3489 2666 3584; x_wconf 83' lang='lat' dir='ltr'>sylvis</span> 
     </span>
     <span class='ocr_line' id='line_1_25' title="bbox 526 3613 2664 3709; baseline 0 -24"><span class='ocrx_word' id='word_1_178' title='bbox 526 3615 897 3698; x_wconf 88' lang='lat' dir='ltr'>secabant3</span> <span class='ocrx_word' id='word_1_179' title='bbox 935 3614 1202 3709; x_wconf 90' lang='lat' dir='ltr'>quoties</span> <span class='ocrx_word' id='word_1_180' title='bbox 1230 3615 1450 3707; x_wconf 89' lang='lat' dir='ltr'>igitur</span> <span class='ocrx_word' id='word_1_181' title='bbox 1502 3614 1697 3707; x_wconf 87' lang='lat' dir='ltr'>regio</span> <span class='ocrx_word' id='word_1_182' title='bbox 1729 3613 2066 3685; x_wconf 87' lang='lat' dir='ltr'>exhausta</span> <span class='ocrx_word' id='word_1_183' title='bbox 2118 3622 2296 3701; x_wconf 89' lang='lat' dir='ltr'>erat,</span> <span class='ocrx_word' id='word_1_184' title='bbox 2344 3637 2473 3686; x_wconf 92' lang='lat' dir='ltr'>nec</span> <span class='ocrx_word' id='word_1_185' title='bbox 2512 3615 2664 3707; x_wconf 84' lang='lat' dir='ltr'>jam</span> 
     </span>
     <span class='ocr_line' id='line_1_26' title="bbox 526 3738 2664 3834; baseline 0 -24"><span class='ocrx_word' id='word_1_186' title='bbox 526 3738 983 3812; x_wconf 85' lang='lat' dir='ltr'>sufficientem</span> <span class='ocrx_word' id='word_1_187' title='bbox 1032 3739 1268 3811; x_wconf 91' lang='lat' dir='ltr'>cibum</span> <span class='ocrx_word' id='word_1_188' title='bbox 1323 3739 1763 3834; x_wconf 89' lang='lat' dir='ltr'>suppeditare</span> <span class='ocrx_word' id='word_1_189' title='bbox 1816 3746 2114 3832; x_wconf 83' lang='lat' dir='ltr'>poterat,</span> <span class='ocrx_word' id='word_1_190' title='bbox 2169 3739 2374 3810; x_wconf 88' lang='lat' dir='ltr'>toties</span> <span class='ocrx_word' id='word_1_191' title='bbox 2431 3749 2664 3810; x_wconf 89' lang='lat' dir='ltr'>castra</span> 
     </span>
     <span class='ocr_line' id='line_1_27' title="bbox 524 3863 2656 3958; baseline -0.001 -24"><span class='ocrx_word' id='word_1_192' title='bbox 524 3863 896 3936; x_wconf 91' lang='lat' dir='ltr'>movebant</span> <span class='ocrx_word' id='word_1_193' title='bbox 931 3865 1333 3953; x_wconf 80' lang='lat' dir='ltr'>DorienseS,</span> <span class='ocrx_word' id='word_1_194' title='bbox 1368 3874 1438 3936; x_wconf 88' lang='lat' dir='ltr'>et</span> <span class='ocrx_word' id='word_1_195' title='bbox 1466 3864 1601 3936; x_wconf 89' lang='lat' dir='ltr'>iter</span> <span class='ocrx_word' id='word_1_196' title='bbox 1643 3863 1728 3934; x_wconf 91' lang='lat' dir='ltr'>ad</span> <span class='ocrx_word' id='word_1_197' title='bbox 1768 3874 1993 3935; x_wconf 90' lang='lat' dir='ltr'>terras</span> <span class='ocrx_word' id='word_1_198' title='bbox 2038 3863 2191 3934; x_wconf 89' lang='lat' dir='ltr'>illas</span> <span class='ocrx_word' id='word_1_199' title='bbox 2238 3864 2656 3958; x_wconf 85' lang='lat' dir='ltr'>pergebant,</span> 
     </span>
     <span class='ocr_line' id='line_1_28' title="bbox 524 3984 2654 4085; baseline -0.001 -22"><span class='ocrx_word' id='word_1_200' title='bbox 524 4013 708 4085; x_wconf 84' lang='lat' dir='ltr'>quae,</span> <span class='ocrx_word' id='word_1_201' title='bbox 752 4013 966 4084; x_wconf 88' lang='lat' dir='ltr'>quum</span> <span class='ocrx_word' id='word_1_202' title='bbox 1019 3991 1091 4060; x_wconf 91' lang='lat' dir='ltr'>in</span> <span class='ocrx_word' id='word_1_203' title='bbox 1155 3990 1440 4062; x_wconf 86' lang='lat' dir='ltr'>australi</span> <span class='ocrx_word' id='word_1_204' title='bbox 1509 3988 1810 4062; x_wconf 80' lang='lat' dir='ltr'>Graeciae</span> <span class='ocrx_word' id='word_1_205' title='bbox 1871 3997 2070 4083; x_wconf 88' lang='lat' dir='ltr'>parte</span> <span class='ocrx_word' id='word_1_206' title='bbox 2141 3999 2401 4081; x_wconf 91' lang='lat' dir='ltr'>essent,</span> <span class='ocrx_word' id='word_1_207' title='bbox 2464 3984 2654 4062; x_wconf 80' lang='lat' dir='ltr'>fera-</span> 
     </span>
     <span class='ocr_line' id='line_1_29' title="bbox 523 4112 2660 4188; baseline 0 -1"><span class='ocrx_word' id='word_1_208' title='bbox 523 4115 748 4188; x_wconf 90' lang='lat' dir='ltr'>ciores</span> <span class='ocrx_word' id='word_1_209' title='bbox 794 4126 861 4188; x_wconf 88' lang='lat' dir='ltr'>et</span> <span class='ocrx_word' id='word_1_210' title='bbox 889 4115 1209 4188; x_wconf 91' lang='lat' dir='ltr'>omnibus</span> <span class='ocrx_word' id='word_1_211' title='bbox 1253 4115 1515 4188; x_wconf 91' lang='lat' dir='ltr'>deliciis</span> <span class='ocrx_word' id='word_1_212' title='bbox 1555 4115 1843 4187; x_wconf 88' lang='lat' dir='ltr'>affluere</span> <span class='ocrx_word' id='word_1_213' title='bbox 1883 4112 2204 4187; x_wconf 89' lang='lat' dir='ltr'>barbaris</span> <span class='ocrx_word' id='word_1_214' title='bbox 2255 4114 2660 4188; x_wconf 91' lang='lat' dir='ltr'>hominibus</span> 
     </span>
    </p>
   </div>
   <div class='ocr_carea' id='block_1_3' title="bbox 583 4386 1067 4449">
    <p class='ocr_par' dir='ltr' id='par_1_3' title="bbox 583 4386 1067 4449">
     <span class='ocr_line' id='line_1_30' title="bbox 583 4386 1067 4449; baseline 0.002 -13"><span class='ocrx_word' id='word_1_215' title='bbox 583 4386 602 4423; x_wconf 79' lang='lat'>¹</span> <span class='ocrx_word' id='word_1_216' title='bbox 634 4388 900 4448; x_wconf 63' lang='lat' dir='ltr'>Tnucrn„</span> <span class='ocrx_word' id='word_1_217' title='bbox 936 4389 978 4449; x_wconf 92' lang='lat'>1,</span> <span class='ocrx_word' id='word_1_218' title='bbox 1019 4387 1067 4437; x_wconf 80' lang='lat'>2.-</span> 
     </span>
    </p>
   </div>
  </div>
 </body>
</html>
