3131 5037
551 588 614 640 92
1365 586 1458 637 DE
1500 586 1881 638 LYCURGO

547 716 995 788 Doriensium
1047 717 1285 805 duceS,
1340 716 1820 822 quipingues
1865 715 2019 808 jam
2075 724 2239 786 ante
2288 713 2698 808 Lycurgum

549 864 761 935 agros
780 841 1256 929 obtinuerant,
1291 841 1472 913 bona
1512 833 1641 913 sna
1670 839 1761 912 ad
1784 840 2208 934 legislatoris
2239 847 2500 910 nutum·
2532 836 2697 907 aliis

545 966 1028 1039 distribuenda
1066 967 1249 1039 ultro
1286 967 1717 1039 dimitterent
1741 990 1760 1057 3
1805 975 1883 1036 ut
1918 964 2106 1037 enim
2150 968 2236 1036 de
2279 962 2539 1057 politici
2581 961 2696 1032 sui

539 1092 726 1187 juris
755 1074 981 1186 parte,
1021 1091 1110 1164 ad
1163 1092 1664 1164 restituendam
1715 1090 2183 1179 concordiam,
2219 1112 2418 1183 aequo
2461 1087 2696 1159 animo

547 1215 703 1311 quis
755 1215 1067 1304 decedat,
1125 1216 1221 1288 ita
1269 1216 1387 1285 vix
1424 1215 1841 1311 quemquam
1883 1215 2199 1309 reperias
2244 1212 2362 1308 qui
2411 1211 2696 1306 propria

549 1339 730 1412 bona
749 1340 826 1411 in
851 1341 1079 1412 medio
1098 1317 1362 1436 ponere
1381 1349 1668 1413 annuat.
1695 1339 1818 1430 At,
1837 1340 2016 1411 dicet
2036 1339 2314 1433 aliquis,
2341 1334 2582 1408 forsan
2604 1336 2699 1406 ad

546 1467 976 1559 propositum
999 1465 1513 1560 assequendum
1536 1464 1679 1534 vim
1697 1463 2011 1535 adhibuit
2030 1464 2449 1557 Lycurgus?
2471 1460 2699 1543 Quam

544 1612 793 1683 parum
842 1590 1072 1661 valeat
1113 1590 1265 1661 haec
1318 1590 1616 1684 obJectio
1670 1588 1966 1676 videbiS,
2022 1589 2079 1659 si
2133 1585 2698 1666 consideraveris

545 1714 939 1784 necessario
970 1713 1230 1785 factum
1260 1736 1439 1803 esse,
1488 1713 1550 1784 si
1590 1735 1700 1784 res
1731 1712 1828 1784 ita
1856 1734 1931 1782 se
1960 1710 2347 1798 habuisset,
2388 1719 2462 1780 ut
2512 1710 2699 1780 inter

540 1837 756 1909 ilotas
788 1839 1139 1931 relegaret
1162 1840 1527 1934 Lycurgus
1553 1862 1672 1909 eos
1699 1838 1910 1930 ipsos,
1940 1836 2057 1931 qui
2092 1836 2182 1907 ad
2222 1832 2694 1927 subigendam

533 1962 1107 2057 'Peloponnesum
1136 1962 1517 2057 plurimum
1547 1961 2016 2032 contulerant.

640 2088 866 2159 Multo
904 2088 1121 2181 igitur
1169 2089 1388 2160 satius
1428 2098 1532 2160 est
1573 2088 1807 2159 dicere
1853 2087 2335 2180 legislatorem
2383 2096 2698 2182 sparta-

493 2204 500 2210 ’
544 2235 806 2284 norum
838 2212 1084 2306 cuique
1110 2211 1546 2282 distribuisse
1576 2221 1787 2283 terrae
1815 2220 2113 2305 partem,
2139 2211 2255 2289 vel
2296 2232 2335 2281 e
2366 2231 2698 2303 compas—

545 2337 693 2407 cuis
727 2335 945 2427 agris,
980 2335 1095 2406 vel
1134 2359 1171 2407 e
1203 2336 1469 2429 campis
1500 2334 1644 2407 illis
1674 2335 1791 2430 qui
1825 2314 1907 2405 ex
1945 2335 2226 2406 Achaeis
2267 2333 2700 2430 quibusdam

546 2459 1057 2532 rebellantibus
1088 2460 1308 2554 erepti
1341 2470 1567 2534 erant.

568 2579 572 2583 ’
639 2585 813 2656 Haec
856 2583 1014 2674 fuit,
1051 2591 1124 2655 ut
1172 2584 1339 2654 mihi
1379 2585 1683 2672 videtur,
1730 2584 1969 2679 ἀρχαία
1997 2584 2370 2679 ⁸uo‘ipocilla,
2413 2585 2501 2655 de
2552 2607 2698 2678 qua

543 2707 845 2802 loquitur
913 2707 1326 2778 Heraclides
1389 2705 1816 2801 Ponticus23
1855 2709 2183 2804 idemque
2239 2709 2431 2779 locus
2489 2706 2698 2779 docet

538 2841 1060 2923 spartanorum
1116 2830 1353 2924 plures
1422 2829 1666 2922 fuisse,
1719 2832 1840 2927 qui
1907 2842 2167 2926 praeter
2229 2831 2418 2902 hanc
2472 2840 2697 2902 terrae

494 3012 498 3017 .
539 2953 950 3046 particulam
1027 2975 1069 3024 a
1139 2952 1490 3048 republica
1551 2957 1703 3049 ipsa
1782 2957 1952 3027 nulli
2022 2979 2164 3027 non
2236 2978 2641 3028 concessam
2669 3009 2688 3042 ,

539 3099 929 3168 permagna
967 3076 1313 3170 mancipio
1353 3076 1533 3149 bona
1572 3079 2037 3172 possiderent.

637 3199 788 3269 Hoc
835 3199 1018 3270 inter
1065 3221 1311 3269 causas
1364 3199 1969 3273 adnumerandum
2010 3226 2168 3276 esse
2202 3205 2516 3276 arbitror
2567 3227 2700 3274 cur

538 3322 833 3414 praedia,
863 3322 1161 3416 primum
1190 3321 1372 3392 inter
1404 3321 1958 3419 quamplurimos
1987 3329 2271 3420 partita,
2304 3328 2382 3398 in
2421 3318 2714 3421 pauco-'

538 3469 697 3516 rum
733 3464 993 3537 'manus
1049 3442 1459 3516 advenerint
1513 3471 1528 3516 ε
1591 3447 1864 3541 Spartae
1926 3452 2114 3520 enim
2182 3451 2358 3530 illud
2415 3476 2699 3547 quoque

477 3592 481 3597 ·
540 3567 800 3639 sactum
864 3578 968 3640 est
1035 3569 1219 3663 quod
1284 3569 1541 3664 ubique
1598 3572 1749 3642 fieri
1813 3574 2016 3664 solet,
2081 3575 2351 3647 scilicet
2408 3575 2700 3648 divitias

539 3716 813 3786 semper
882 3693 971 3764 ad
1039 3692 1444 3763 ditissimum
1514 3718 1859 3790 quemque
1931 3696 2246 3771 affluere.
2323 3701 2701 3785 Quemad-

539 3816 816 3886 modum
864 3838 1035 3907 ergo
1084 3814 1285 3908 quasi
1335 3819 1728 3890 necessario
1780 3821 1991 3892 fiebat
2032 3831 2107 3893 ut
2146 3832 2695 3917 spartanorum

538 3939 651 4034 qui
684 3937 950 4034 ἀρχαίαν
1007 3947 1278 4008 tantum
1334 3937 1545 4033 μοῖραν
1595 3938 1953 4033 haberent,
2001 3969 2162 4016 mox
2204 3957 2499 4042 propter
2549 3949 2701 4021 im—

540 4064 819 4158 pendia,
864 4086 1019 4159 quae
1041 4062 1324 4156 singula
1360 4062 1434 4133 in
1456 4063 1831 4173 doctissimi
1855 4067 2108 4139 Fustel
2134 4072 2228 4141 de
2268 4070 2701 4168 Coulanyes

603 4284 616 4316 ¹
656 4281 1005 4330 Hnnacmnsss
1031 4277 1324 4339 Pon-neus,
1346 4278 1643 4343 sr.2,ap.C.
1677 4280 2041 4344 Munimentum,
2067 4286 2303 4347 Fraqm.
2341 4285 2472 4336 hist.
2498 4258 2711 4348 φονικὴ,Φ

538 4364 576 4410 t.
603 4363 672 4420 11,
707 4378 757 4425 p.
788 4361 903 4409 211.
