3131 5037
596 600 687 654 134
1401 547 1926 646 BELYGURGO

597 749 740 800 non
776 725 857 797 in
897 726 963 797 T
955 693 1462 819 hyrrheniam'
1485 699 1854 806 abierant.
1890 724 2043 796 Hoc
2071 723 2362 818 multum
2407 721 2735 795 conferre

503 941 510 947 ,
596 850 766 928 mihi
823 849 1127 938 videtur,
1182 849 1272 921 ad
1339 843 1815 952 explicandum
1872 857 2165 946 quantas
2227 849 2598 922 illecebras
2656 848 2734 940 in

594 977 973 1052 Dorienses
1001 975 1404 1086 delphicum
1434 973 1797 1064 oraculum
1830 975 2267 1086 exercuerit,
2296 998 2499 1046 nemo
2544 973 2736 1062 enim

594 1103 875 1197 ignorat
899 1099 1161 1197 Κὶῥραν,
1197 1125 1355 1197 quae
1375 1091 1545 1173 urbs
1590 1101 1791 1197 quasi
1817 1101 2254 1195 Delphorum
2283 1112 2527 1194 portus
2549 1108 2730 1191 erat,

594 1228 1025 1304 Cretensium
1070 1228 1416 1300 coloniam
1467 1222 1714 1317 fuisse,
1754 1228 1961 1322 cujus*
1999 1226 2306 1298 nominis
2352 1224 2736 1296 similitudo

594 1377 752 1426 cum
803 1354 1009 1448 Κρῖσα
1039 1353 1154 1427 vel
1190 1353 1450 1448 Κρῆσσα
1481 1351 1636 1446 Jam
1693 1352 2183 1425 animadversa
2241 1350 2417 1422 est1.
2479 1351 2737 1438 Nonne

596 1478 741 1552 fieri
774 1480 992 1571 potuit
1013 1486 1087 1551 ut
1116 1451 1734 1549 curn’c'retensibus
1764 1475 2048 1566 colonis,
2079 1475 2380 1570 Delphos
2411 1476 2737 1548 nonnulli

595 1628 680 1676 ex
707 1603 947 1675 eadem
971 1603 1201 1675 insula
1229 1602 1608 1676 Dorienses
1643 1602 2085 1694 advenerint,
2120 1621 2414 1697 quorum
2447 1600 2737 1697 quidam

596 1729 947 1825 Apollinis
990 1729 1386 1802 sacerdotes
1430 1737 1664 1800 essent
1698 1732 1724 1797 2
1760 1729 1903 1800 Fac
1933 1750 2105 1820 ergo
2146 1727 2241 1799 ita
2282 1751 2356 1800 se
2404 1751 2553 1799 rem
2598 1727 2738 1799 ha·-

595 1853 853 1942 buisse,
900 1854 1022 1924 vix
1062 1853 1296 1926 dicere
1346 1877 1517 1948 opus
1558 1863 1664 1925 est
1704 1862 1961 1948 quanto
2023 1854 2280 1947 gaudio
2337 1862 2737 1947 quantaque

597 1976 1085 2051 benevolentia
1154 1977 1251 2048 illi
1326 1975 1609 2067 fratreS,
1692 1977 1781 2049 ad
1860 1977 2360 2050 meridionales
2437 1976 2736 2051 Graeciae

597 2103 924 2198 regiones
963 2102 1493 2196 descendenteS,
1537 2103 1934 2196 acceperint
1968 2105 1983 2173 Ι

694 2229 898 2301 Adde
933 2228 1118 2324 quod
1174 2252 1293 2300 eos
1334 2228 1451 2323 qui
1487 2228 1809 2322 delphico
1865 2224 2146 2301 oraculo
2185 2239 2546 2324 praeerant
2595 2253 2737 2302 non

597 2353 913 2448 fugiebat
985 2363 1315 2448 quantam
1392 2353 1767 2425 utilitatem
1849 2356 2211 2448 percipere
2282 2364 2595 2449 possent,
2674 2353 2739 2427 si

599 2488 868 2552 mentes
907 2478 1264 2550 hominum
1315 2478 1738 2570 detinerent,
1794 2480 1941 2574 qui,
2008 2478 2566 2576 rudesquidem‚
2613 2479 2738 2552 sed

597 2604 949 2691 acerrimi,
994 2604 1068 2674 in
1104 2628 1184 2676 eo
1226 2612 1426 2675 erant
1458 2615 1548 2705 ut=
1576 2611 1717 2676 tota
1754 2605 2034 2676 Graecia
2060 2605 2481 2699 potirentur.

697 2729 846 2800 Hoc
887 2729 1070 2800 enim
1097 2732 1246 2823 jam
1294 2728 1601 2801 omnium
1650 2732 1952 2825 primum
2001 2731 2347 2802 lucratum
2391 2738 2546 2802 erat
2594 2731 2738 2802 del-

599 2856 874 2950 phicum
906 2855 1289 2945 oraculum,
1327 2866 1402 2927 ut
1430 2878 1470 2927 a
1499 2855 1960 2927 Doriensibus
2000 2855 2070 2925 in
2111 2857 2474 2949 regionem
2510 2855 2737 2927 adve—

600 2978 979 3069 nientibUS,
1042 2980 1367 3073 Dryopes
1426 2979 1692 3050 Phoebo
1760 2980 1941 3050 servi
2002 2980 2433 3070 dicarentur‚
2497 3003 2737 3076 spera-

602 3106 857 3200 batque
913 3104 1065 3177 fore
1123 3114 1199 3176 ut
1268 3104 1543 3196 majora
1599 3104 1688 3176 ab
1743 3105 1845 3176 eis
1894 3105 2251 3177 commoda
2303 3107 2735 3202 perciperet;

602 3230 976 3303 Dorienses
1035 3238 1297 3318 autem,
1352 3253 1565 3324 quum
1625 3230 2294 3304 animadvertissent
2344 3233 2740 3327 delphicum

602 3355 998 3448 Apollinem
1065 3378 1207 3427 non
1252 3355 1350 3426 ita
1393 3378 1434 3426 a
1484 3355 1739 3450 Pythio
1789 3354 2097 3447 differre,
2155 3380 2358 3451 quem
2403 3358 2494 3429 ad
2548 3358 2740 3431 hunc

603 3479 787 3550 diem
809 3486 1000 3550 tanto
1021 3477 1245 3550 studio
1273 3478 1660 3569 coluerant,
1686 3487 2053 3574 patronum
2076 3502 2235 3551 eum
2255 3480 2736 3573 adsciverunt,

503 3636 510 3643 ·
603 3626 990 3698 rursusque
1031 3601 1298 3697 precati
1339 3613 1500 3674 sunt
1542 3614 1620 3677 ut
1673 3604 1974 3697 gratiam
2010 3605 2401 3700 largiretur
2447 3606 2626 3680 bene
2667 3608 2741 3680 in

610 3728 905 3822 inceptis
944 3728 1380 3818 succedendi.

702 3851 1077 3923 Dorienses
1145 3852 1233 3924 ad
1300 3852 1466 3924 deos
1542 3854 1656 3948 pio
1714 3854 1907 3926 cultu
1976 3855 2428 3929 honorandos
2484 3869 2740 3932 natura

605 4000 985 4083 propensos
1015 3976 1234 4049 fuisse
1278 4001 1480 4049 nemo
1521 3978 1830 4071 ignorat.
1872 3980 2023 4051 Hoc
2070 3980 2254 4052 enim
2292 3983 2474 4055 inter
2518 3987 2742 4080 pecu-

604 4103 818 4187 liares
876 4102 1083 4198 hujus
1139 4102 1427 4196 generis
1485 4103 1681 4175 dotes
1749 4106 2204 4178 annumerari
2267 4106 2503 4180 solet:
2552 4110 2744 4189 unde

669 4301 686 4334 ¹
724 4296 1273 4426 Boucngi-'z-anmnco,
1328 4299 1583 4350 Histoire
1621 4301 1685 4351 de
1729 4300 1787 4351 la
1825 4302 2159 4354 divination
2201 4307 2345 4356 dans
2399 4305 2723 4370 l’antiqut'te‘

605 4386 641 4433 t.
666 4379 759 4439 ΙΙΙ,
787 4394 837 4442 p.
868 4379 899 4426 5
934 4408 948 4427 .
2180 4425 2184 4431 .
2494 4409 2499 4415 -
2718 4405 2729 4415 -·
