3131 5037
536 596 601 647 50
1341 598 1440 649 DE
1487 598 1870 651 LYCURGO

541 730 673 815 tes3
708 723 1008 797 diversis
1072 724 1500 820 temporibus
1551 725 2110 821 Peloponnesum
2152 725 2673 820 occupaverint.

541 850 774 935 Quum
795 871 969 921 vero
987 850 1188 923 multi
1207 849 1433 923 adhuc
1453 850 1624 923 anni
1653 848 2107 940 effluxissent,
2141 858 2515 947 antequam
2537 857 2679 924 tota

541 974 989 1069 subigeretur
1026 976 1225 1072 regio
1266 985 1334 1048 et
1369 976 1743 1076 concordia
1780 976 1965 1048 inter
1993 975 2294 1047 victores
2323 976 2677 1073 victosque

540 1100 865 1172 constitui
904 1111 1160 1196 posset,
1193 1102 1269 1173 in
1304 1102 1727 1174 seutentiam
1759 1100 2193 1197 Thucydidis
2230 1101 2436 1197 plane
2469 1103 2677 1174 veni-

538 1244 719 1315 mus,
754 1202 869 1321 qui
896 1227 1298 1321 Lycurgum
1325 1248 1512 1331 anno
1542 1226 1822 1298 circitor
1862 1227 2434 1320 octingentesimo
2471 1228 2671 1321 vige·

539 1350 713 1424 simo
741 1361 902 1425 ante
943 1353 1147 1427 C.·N.
1186 1354 1379 1450 leges
1419 1353 1695 1426 dedisse
1733 1352 2083 1428 affirmare
2111 1353 2415 1428 videtur.

636 1602 755 1695 At,
780 1603 960 1676 dicet
989 1602 1273 1699 aliquis,
1300 1626 1385 1675 ex
1409 1604 1541 1677 hac
1560 1603 1843 1700 quidem
1866 1612 1980 1676 tua
1998 1605 2514 1700 computatione
2540 1605 2674 1679 duo

536 1727 792 1801 saecula
826 1734 895 1801 et
924 1726 1132 1822 paulo
1171 1726 1399 1821 magis
1438 1728 1522 1799 de
1582 1726 1869 1798 historia
1900 1748 2137 1820 graeca
2176 1726 2669 1802 detrahuntur.

535 1853 643 1925 Ad
680 1854 860 1925 hanc
912 1851 1313 1924 solvendam
1345 1849 1829 1924 difficultatem
1868 1875 2005 1923 non
2048 1853 2300 1924 desunt
2345 1852 2675 1926 luculenti

535 1987 857 2050 auctores
896 2000 1068 2075 quos
1099 1979 1172 2048 in
1200 1974 1591 2048 subsidium
1623 1999 1918 2050 evocare
1958 1977 2231 2050 valeam
2269 2002 2285 2049 ι
2325 1977 2675 2051 nemiuem

535 2104 721 2177 enim
774 2102 958 2197 fugit
999 2126 1262 2191 eorum,
1319 2103 1439 2199 qui
1493 2102 1604 2174 vel
1660 2103 1948 2174 minime
2012 2103 2327 2197 priorum
2376 2104 2675 2177 Graeciae

536 2240 926 2325 temporum
963 2227 1330 2300 historiam
1368 2226 1786 2319 evolverint,
1849 2227 1944 2299 ibi
1996 2229 2296 2323 spatium
2338 2229 2672 2323 temporis

534 2354 826 2427 duorum
871 2352 1229 2425 commodo
1262 2352 1377 2426 vel
1418 2352 1633 2424 trium
1668 2351 2092 2426 saeculorum
2146 2362 2449 2445 exstare,
2503 2353 2675 2426 adeo

534 2481 774 2578 spissis
815 2479 1122 2554 tenebris
1169 2480 1567 2569 obductum,
1620 2487 1696 2553 ut
1732 2479 1851 2553 vix
1877 2480 2261 2577 quidquam
2288 2479 2361 2551 in
2400 2502 2483 2554 eo
2521 2481 2673 2577 quis

533 2607 876 2702 dispicere
918 2606 1159 2700 possit.

628 2733 780 2804 Hoc
803 2731 899 2805 ita
921 2731 1248 2827 exprimit
1268 2731 1780 2803 eruditissimus
1809 2732 2097 2805 criticus
2120 2729 2170 2823 “,
2197 2733 2271 2804 in
2298 2731 2672 2805 excellenti

531 2856 617 2929 de
661 2854 936 2929 G'roeeis
1011 2854 1305 2928 coloniis
1337 2855 1515 2927 libro
1553 2880 1571 2925 :
1630 2880 1667 2926 «
1702 2831 2145 2950 Quanquam,
2182 2856 2430 2952 inquit,
2493 2856 2673 2929 cali—

531 2983 770 3076 ginem
801 2981 1148 3053 discutere
1195 2990 1585 3077 temporum
1614 2980 1899 3052 illorum
1938 3005 2093 3076 quae
2138 2982 2668 3055 Heraclidarum

535 3108 828 3181 reditum
888 3117 1333 3201 praecurrunt
1410 3106 1897 3180 difficillimum
1971 3107 2093 3196 sit,
2158 3107 2378 3181 multo
2443 3108 2670 3181 adhuc

531 3229 874 3304 difficilius
906 3243 1012 3305 est
1038 3230 1380 3328 dispicere
1413 3233 1582 3329 quid
1613 3233 1925 3305 evenerit
1959 3232 2236 3305 saeculis
2262 3233 2448 3306 inter
2486 3233 2671 3305 hunc

533 3358 831 3430 reditum
893 3358 1180 3430 inclusis
1231 3367 1299 3430 et
1355 3358 1653 3453 primam
1710 3343 2290 3453 Olympiadem...
2348 3358 2671 3452 Excipias

530 3489 715 3557 enim
802 3485 1113 3557 conditas
1189 3484 1468 3557 aeolicas
1497 3539 1514 3573 ,
1594 3484 1903 3571 doricaS‚
1988 3483 2391 3579 ionicasque
2478 3483 2671 3555 Asiae

528 3609 824 3681 Minoris
894 3609 1226 3698 coloniaS‚
1291 3609 1391 3681 nil
1454 3582 1656 3681 nobis
1721 3607 1808 3680 de
1873 3616 2171 3703 quatuor
2225 3606 2672 3703 sequentibus

529 3734 801 3807 saeculis
828 3733 1154 3806 traditum
1197 3744 1330 3825 est,
1367 3743 1436 3807 et
1481 3733 1804 3805 miranda
1846 3730 2122 3828 quidem
2163 3754 2276 3804 res
2302 3741 2406 3804 est
2438 3753 2671 3827 quan«

529 3869 674 3931 tum
716 3857 802 3931 de
832 3859 962 3932 hoc
991 3859 1318 3955 temporis
1355 3859 1575 3954 spatio
1616 3843 2093 3930 obmutescant
2132 3867 2478 3930 auctores,
2509 3884 2547 3929 »

624 3986 835 4079 Cujus
884 3983 982 4057 rei
1030 3983 1556 4079 explicationem
1619 3985 1843 4060 critici
1902 3982 2109 4057 aliam
2164 3984 2280 4056 alii
2334 3983 2641 4080 praebue

587 4303 604 4339 ¹
641 4301 838 4352 RAom.
868 4304 1172 4361 Rosam-rs,
1201 4301 1467 4352 Histoire
1502 4301 1593 4351 des
1627 4300 1881 4380 Golojnies
1914 4314 2204 4366 quuoe,
2230 4307 2274 4351 t.
2298 4301 2366 4361 11,
2397 4301 2481 4351 ch.
2522 4299 2666 4358 XVI,

522 4397 576 4447 p.
610 4381 723 4432 455.
