3131 5037
1123 1851 1413 1925 CAPUT
1470 1849 1941 1923 SEPTIMUM

777 2091 1025 2134 VARIIS
1065 2091 1137 2133 IN
1176 2086 1563 2131 LYCURGEA
1601 2086 2014 2132 REPUBLICA
2050 2083 2398 2134 HOMINUM

1334 2167 1734 2211 ORDINIBUS

546 2459 772 2544 Quum
830 2483 986 2556 quae
1051 2461 1361 2556 Lycurgi
1420 2433 1659 2555 partes
1709 2456 1969 2530 fuerint
2024 2457 2100 2527 in
2156 2453 2588 2527 instituenda

449 2596 776 2681 spartana
815 2587 1166 2681 republica
1206 2586 1639 2683 perpendere
1674 2585 1749 2655 in
1788 2583 2019 2655 animo
2060 2582 2177 2671 sit,
2231 2604 2372 2653 non
2400 2581 2586 2651 hanc

451 2708 769 2805 profecto
808 2733 1093 2805 operam
1133 2712 1434 2806 suscepi,
1467 2721 1544 2782 ut
1583 2708 1916 2804 quidquid
1953 2731 1994 2779 a
2023 2707 2282 2778 criticis
2331 2705 2586 2776 dictum

449 2834 661 2907 fuerit
704 2834 1029 2926 referam,
1070 2836 1581 2930 materiamque
1611 2831 2063 2904 exhauriam:
2104 2829 2356 2900 melius
2402 2828 2589 2900 enim

450 2983 692 3031 veram
717 2961 1027 3056 Lycurgi
1065 2962 1440 3053 imaginem
1485 2960 1827 3050 effingere
1871 2965 1940 3026 et
1988 2978 2226 3026 rerum
2275 2954 2590 3026 ordinem

449 3083 849 3178 simpliciter
884 3085 1299 3178 exprimere,
1345 3106 1551 3179 quam
1583 3084 1802 3154 multa
1838 3104 2138 3153 narrare
2174 3104 2330 3177 quae
2371 3104 2589 3175 expe-

451 3207 595 3278 dite
619 3207 800 3301 apud
835 3209 1202 3281 historicos
1228 3209 1568 3304 reperias,
1604 3208 1819 3279 Plura
1847 3230 2020 3300 ergo
2055 3206 2368 3278 breviter
2392 3229 2592 3302 pers-

451 3331 761 3424 tringam
787 3340 855 3403 et
881 3341 1026 3404 tum
1055 3332 1334 3404 demum
1369 3336 1442 3404 in
1473 3357 1551 3405 re
1584 3330 2038 3419 immorabor,
2076 3355 2291 3426 quum
2334 3354 2589 3403 novum

451 3455 721 3551 aliquid
784 3478 1033 3529 eruere
1099 3457 1509 3552 contigerit,
1589 3456 1816 3527 lucem
1891 3455 2087 3526 illam
2154 3454 2585 3526 infundendo

451 3603 658 3674 quam
697 3604 736 3652 e
759 3581 1310 3675 praecedentibus
1335 3582 1421 3653 de
1450 3582 1755 3677 Lycurgi
1787 3590 1991 3653 aetate
2018 3579 2585 3673 indagationibus

454 3705 704 3777 elicere
733 3705 970 3777 datum
1009 3717 1138 3779 est.

549 3829 645 3900 Ut
681 3839 913 3901 autem
943 3833 1371 3927 propositum
1411 3854 1826 3925 consequar,
1858 3831 2018 3926 quid
2058 3830 2310 3903 melius
2371 3852 2580 3927 quam

452 3977 491 4026 a
524 3956 785 4027 rhetra
834 3979 1057 4050 nuper
1115 3957 1477 4049 explorata
1503 3957 1808 4029 fructum
1839 3981 2115 4052 capere,
2151 3967 2221 4028 et
2277 3958 2579 4051 primum

448 4081 520 4150 in
601 4079 922 4151 civilibus
991 4082 1349 4168 institutiS,
1419 4092 1568 4153 tum
1615 4083 1687 4152 in
1740 4083 2134 4154 ordinanda
2194 4081 2573 4176 republica,

449 4206 749 4304 denique
769 4207 849 4277 .in
885 4208 1157 4301 privata
1196 4209 1697 4300 Spartanorum
1765 4211 1908 4280 vita
1968 4210 2361 4304 disquirere
2408 4210 2574 4304 quid

447 4331 777 4424 Lycurgo
802 4331 1249 4427 tribuendum
1281 4331 1395 4420 sit,
1449 4332 1616 4427 quid
1647 4334 1709 4404 ei
1749 4333 2269 4426 abnegandum.
