3131 5037
549 575 646 628 128
1374 579 1474 629 DE
1518 578 1900 630 LYCURGO

553 706 850 803 primurn
878 707 1253 780 contrariae
1279 729 1433 780 esse
1457 706 1905 797 videbantur,
1940 708 2132 780 nullo
2161 708 2351 780 inter
2387 730 2460 780 se
2491 708 2694 781 modo

553 833 919 924 dissidere,
955 834 1118 905 dum
1156 833 1526 924 concedam,
1557 843 1703 906 tum
1744 833 2295 929 Peloponnesum
2324 833 2689 928 paulatim,

553 981 692 1029 non
749 969 982 1031 autem
1032 960 1233 1055 quasi
1289 959 1593 1053 virgulae
1646 960 1789 1031 ictu
1842 960 2194 1033 subactam
2247 959 2488 1052 fuisse,
2542 970 2691 1032 tum

550 1081 1079 1155 Heraclidarum
1156 1084 1417 1156 reditus
1471 1081 1807 1173 fabulam,
1877 1108 2015 1156 non
2071 1085 2507 1178 duodecimo,
2569 1085 2695 1156 sed

553 1209 767 1280 multo
824 1210 1056 1304 potius
1106 1209 1372 1282 decimo
1414 1223 1580 1283 ante
1620 1214 1695 1285 C.
1745 1210 1837 1282 N.
1888 1210 2146 1282 saeculo
2187 1211 2685 1305 reponendam.

553 1334 932 1430 Postquam
977 1345 1210 1408 autem
1259 1360 1405 1408 rem
1465 1337 1560 1409 ita
1609 1359 1684 1408 se
1739 1335 2000 1408 habere
2055 1335 2686 1430 comprobavimuS‚

550 1459 964 1534 concludere
998 1462 1194 1534 licuit
1226 1485 1364 1533 non
1393 1463 1489 1534 ita
1517 1462 1737 1534 alium
1768 1461 1857 1534 ab
1891 1462 2026 1533 alio
2059 1460 2452 1534 abhorrere
2486 1460 2693 1532 Thu-

501 1583 517 1608 ⁴
551 1585 1025 1682 cydidemque,
1071 1587 1187 1682 qui
1243 1588 1644 1682 Lycurgum
1695 1610 1880 1659 nono
1931 1587 2221 1659 finiente
2276 1587 2561 1676 saecum,
2623 1596 2693 1658 et

551 1716 980 1789 Herodotum
1033 1716 1736 1811 Xenophontemque‚
1798 1716 1917 1812 qui
1985 1717 2307 1790 eumdem
2370 1715 2693 1789 Heracli-

552 1842 799 1920 darum
883 1840 1033 1915 fere
1111 1853 1426 1938 tempore
1502 1842 1700 1939 leges
1774 1841 2121 1930 ferentem
2191 1853 2497 1939 ponunt,
2571 1841 2693 1915 sed

554 1968 908 2064 probabile
960 1965 1221 2040 factum
1294 1967 1507 2040 fnisse
1565 1978 1643 2040 ut
1691 1968 2261 2042 constitutionem
2314 1979 2694 2064 spartanus

547 2093 906 2186 legislator
948 2102 1096 2165 turn
1145 2091 1440 2180 dederit,
1476 2117 1714 2187 quum,
1743 2094 2206 2166 DorIensibus
2228 2089 2693 2190 pristinisque

552 2217 860 2311 regionis
890 2217 1135 2289 incolis
1195 2218 1398 2310 paulo
1450 2228 1604 2311 post
1627 2218 2093 2311 irruptionem
2127 2220 2320 2290 inter
2364 2242 2440 2291 se
2473 2218 2694 2311 dissi:

551 2345 901 2435 dentibuS,
944 2368 1184 2440 pacem
1222 2346 1458 2417 nullus
1497 2371 1637 2418 non
1681 2356 2066 2442 exoptaret,
2103 2357 2192 2437 et,
2237 2365 2374 2444 quo
2416 2346 2695 2419 facilius

550 2472 919 2546 concordia
971 2472 1491 2562 restitueretur,
1546 2474 1654 2545 sui
1690 2473 1880 2569 juris
1923 2483 2185 2569 partem
2221 2498 2420 2572 aequo
2453 2475 2694 2548 animo

550 2597 1008 2669 condonareh

649 2722 850 2794 Hanc
887 2723 1195 2816 Lycurgi
1237 2746 1518 2817 operam
1558 2723 1775 2796 fuisse
1816 2724 2249 2796 ostendimus
2264 2779 2280 2813 ,
2327 2746 2457 2795 nec
2489 2723 2698 2803 credo

552 2845 702 2920 fore
732 2857 808 2918 ut
836 2851 1202 2943 quisquam
1225 2859 1436 2944 neget
1466 2849 1598 2921 hac
1631 2860 1869 2921 nostra
1902 2850 2227 2943 opinione
2253 2848 2459 2943 plura
2493 2849 2695 2920 illus-

552 2974 720 3046 trari
779 2996 937 3068 quae
986 2975 1058 3043 in
1115 2974 1611 3064 lacedaemonia
1681 2973 2038 3069 republica
2109 2973 2411 3046 obscura
2466 2981 2692 3046 erant.

548 3098 678 3188 Ita,
723 3094 1134 3170 examinatis
1172 3099 1445 3170 mebris
1497 3099 1659 3186 illis,
1734 3122 2028 3194 quarum
2078 3121 2284 3169 unam
2333 3100 2420 3170 ad
2464 3097 2700 3194 lycur-

547 3246 753 3316 geam
797 3223 1359 3295 constitutionem
1411 3223 1971 3317 cognoscendam
2027 3219 2711 3307 multum‘conferre

550 3348 878 3434 diximus,
915 3372 1054 3419 non
1079 3349 1229 3442 jam
1263 3349 1499 3440 magni
1533 3348 1795 3420 laboris
1829 3346 1956 3419 fuit
1993 3347 2288 3420 definire
2319 3349 2436 3443 qui
2466 3355 2703 3420 essent

548 3478 922 3570 spartani,
968 3474 1279 3569 perioeci
1325 3484 1390 3545 et
1428 3474 1648 3560 ilotoe,
1695 3481 1902 3568 atque
1944 3472 2400 3555 illudlucrati
2458 3497 2699 3545 sumus

549 3610 623 3672 ut
674 3590 1094 3673 enodaretur
1153 3608 1347 3681 tanta
1394 3597 1517 3669 illa
1549 3621 1707 3692 quae
1756 3596 1842 3668 de
1890 3599 2086 3690 agris
2135 3596 2394 3668 iterum
2443 3596 2696 3668 divisis

550 3724 918 3798 difficultas
947 3726 1205 3808 oritur3
1244 3719 1689 3794 manifestum
1716 3722 1901 3793 enim
1940 3723 2262 3816 apparuit
2291 3723 2698 3818 Lycurgum

551 3855 829 3951 quidem
888 3866 1116 3924 terras
1176 3851 1504 3945 partitum
1563 3847 1807 3936 fuisse,
1874 3847 2143 3919 nullam
2204 3858 2435 3919 autem
2493 3854 2699 3936 antea

551 3974 1000 4075 partitionem
1037 3977 1365 4060 habitam,
1404 3996 1613 4069 quum
1654 3973 2026 4068 Lycurgus
2065 3972 2214 4067 ipse
2250 3972 2455 4044 simul
2490 3982 2701 4067 atque

552 4106 927 4178 Dorienses
971 4104 1044 4173 in
1084 4102 1638 4196 Peloponnesum
1684 4098 2110 4169 advenisset.
2161 4096 2390 4181 Quum
2428 4107 2692 4186 autem,

547 4228 910 4324 spartani,
937 4228 1053 4323 qui
1085 4226 1185 4297 nil
1223 4225 1415 4298 aliud
1443 4234 1653 4320 atque
1691 4223 2087 4317 portionem
2117 4222 2273 4316 agri
2316 4244 2357 4293 a
2378 4222 2700 4316 Lycurgo

552 4348 998 4439 distributam
1019 4351 1390 4439 habebant,
1430 4349 1657 4444 magis
1695 4370 2042 4442 pauperes
2092 4355 2333 4418 essent
2373 4369 2581 4442 quam
2622 4357 2698 4419 ut
