3131 5037
1176 622 1443 674 CAPUT
1482 622 1868 699 OCTAVUM
2225 584 2227 586 ¹
2496 622 2584 671 107

453 760 526 823 ut
558 751 897 845 majorem
929 749 1060 822 sibi
1089 752 1449 828 assumere
1485 751 1964 823 auctoritatem
1998 750 2296 845 populus
2337 750 2582 823 volue-

456 876 606 948 rit?
670 877 977 949 Necesse
1042 884 1147 947 est
1210 876 1283 947 in
1349 878 1758 948 memoriam
1823 899 2224 948 revocemus
2291 899 2373 949 ea
2430 900 2586 971 quae

456 1002 658 1074 modo
699 1001 783 1073 de
834 1001 1029 1095 agris
1087 1002 1387 1073 diximus
1436 1025 1477 1074 a
1526 1003 1849 1097 Lycurgo
1909 1001 1993 1072 iis
2037 1002 2409 1092 concessis,
2466 1003 2587 1096 qui

455 1152 530 1201 se
592 1128 856 1200 severis
918 1135 1450 1223 spartanorum
1517 1127 1859 1198 institutis
1917 1125 2365 1199 obsecuturos
2432 1150 2587 1200 esse
2690 1172 2695 1175 ·

456 1253 957 1348 pollicebantur
1000 1277 1020 1323 t
1072 1275 1368 1347 quorum
1434 1252 1607 1323 alios
1675 1253 1955 1343 diviteS,
2013 1252 2188 1323 alios
2246 1275 2589 1347 pauperes

455 1380 675 1453 fuisse
738 1380 1074 1464 vidimus3
1139 1380 1255 1475 qui
1310 1387 1545 1450 autem
1579 1378 1758 1450 illud
1803 1378 2083 1450 demum
2136 1376 2586 1471 ‘possidebant

456 1505 641 1602 quod
674 1506 923 1601 cuique
951 1526 1154 1601 aequa
1189 1504 1509 1598 portione
1539 1504 1934 1599 impertitus
1981 1512 2132 1575 erat
2179 1502 2582 1597 Lycurgus,

455 1654 668 1725 quum
724 1652 863 1701 non
920 1630 1087 1701 satis
1150 1630 1490 1702 haberent
1547 1629 1732 1701 unde
1794 1628 2158 1701 mulierem
2196 1654 2588 1727 puerosque

455 1755 751 1841 alerent,
826 1755 1414 1850 providerentque
1478 1754 1797 1827 futurum
1863 1763 2020 1827 es'se
2086 1765 2162 1827 ut
2237 1757 2434 1829 brevi
2499 1757 2589 1830 ad

454 1876 760 1976 inopiam
800 1879 1319 1973 redigerentur,
1365 1882 1553 1952 omni
1572 1887 1739 1976 ope,
1782 1889 1856 1951 ut
1894 1881 2168 1975 opinor,
2214 1882 2388 1953 enisi
2423 1893 2589 1955 sunt

455 2014 531 2077 ut
586 2005 1087 2100 rempublicam
1150 2003 1239 2076 ad
1286 2007 1651 2098 proprium
1711 2006 2159 2077 commodum
2204 2007 2583 2078 immutare

453 2137 772 2225 possent.‘
832 2129 1240 2201 Verisimile
1317 2138 1423 2201 est
1485 2130 1706 2223 igitur
1776 2130 1963 2201 inter
2027 2130 2344 2228 plebem,
2424 2156 2588 2227 quae

458 2256 731 2350 majora
776 2254 1259 2351 expostulabat
1292 2256 1483 2348 jura,
1538 2256 2048 2351 primoresque,
2080 2256 2217 2351 ,qui
2274 2258 2587 2329 auctori-

456 2380 617 2451 tatis
683 2404 830 2452 suae
884 2388 1161 2452 tenaces
1219 2390 1444 2465 erant,
1495 2378 1752 2452 factam
1811 2404 1965 2453 esse
2018 2382 2583 2474 contentionem,

454 2506 579 2578 hos
644 2514 877 2578 autem
944 2506 1388 2600 praestitisse,
1453 2531 1537 2578 ex
1591 2505 1709 2578 illa
1781 2507 2041 2578 rhetra
2102 2506 2343 2593 videre
2423 2507 2587 2580 licet

457 2654 688 2728 quam,
737 2630 1088 2726 Polydoro
1125 2631 1710 2726 Theopompoque
1759 2631 2246 2724 regnantibuS,
2282 2632 2589 2725 longiori

455 2758 814 2852 lycurgeae
876 2756 1155 2828 rhetroe
1218 2755 1677 2851 subscriptam
1732 2754 1950 2828 fuisse
2012 2756 2308 2828 diximus
2373 2750 2589 2828 :Sin

446 2905 777 2979 pravum
828 2882 1007 2978 quid
1062 2881 1384 2977 populus
1439 2881 1807 2973 statuerit,
1869 2881 2243 2953 seniorum
2293 2906 2588 2976 reyum-

456 3032 597 3102 que
681 3017 824 3080 esto
896 3007 1404 3079 discessionem
1480 3006 1807 3100 facere¹,
1866 3008 1937 3078 id
2002 3018 2106 3080 est
2182 3009 2585 3079 concionem

456 3132 837 3223 dimittere,
879 3141 1087 3228 atque
1142 3132 1215 3202 id
1261 3132 1441 3226 quod
1491 3133 1827 3226 optimum
1872 3132 2148 3205 videtur
2194 3157 2579 3207 assumere.

552 3262 728 3332 Haec
773 3259 955 3330 dicta
1003 3266 1210 3330 sunto
1276 3267 1350 3329 ut
1398 3256 1756 3353 probabile
1815 3282 1968 3330 esse
2015 3259 2369 3350 videatur,
2441 3269 2586 3333 tum

447 3385 792 3482 populum
831 3408 958 3457 sua
1003 3385 1174 3479 jura
1224 3384 1602 3456 extendere
1639 3383 1976 3476 voluisse,
2038 3394 2184 3457 tum
2236 3384 2586 3458 devictum

447 3511 675 3584 fuisse
724 3511 811 3585 ab
850 3510 991 3582 illis
1024 3511 1419 3582 hominibus
1463 3511 1611 3605 qui,
1664 3520 1954 3606 propter
1988 3510 2300 3601 divitias,
2351 3513 2584 3583 omnia

458 3649 740 3712 senatus
776 3661 1071 3710 munera
1098 3648 1803 3733 praeoccupaverant3
1838 3637 1908 3708 hi
1937 3647 2101 3708 sunt
2142 3638 2260 3733 qui
2301 3640 2586 3732 posthac

457 3774 670 3837 totam
705 3762 781 3835 in
817 3763 1172 3858 republica
1212 3763 1694 3835 auctoritatem
1737 3771 2226 3834 exercuerunt.

552 3892 701 3963 Hos
739 3890 1085 3985 posterius
1121 3887 1335 3983 μικράν
1383 3887 1698 3961 ἐκκλησίαν
1736 3888 2123 3960 instituisse
2168 3911 2583 3983 persuasum

456 4015 678 4089 habeo
718 4040 734 4087 ε
780 4016 865 4087 de
927 4037 1065 4111 qua
1108 4013 1490 4109 judicanda
1534 4038 1748 4109 quum
1800 4013 1977 4084 nihil
2025 4024 2284 4108 praeter
2336 4014 2580 4086 Xeno-

516 4328 535 4363 1
567 4319 729 4368 PLU‘r.
763 4319 913 4382 Lyo„
938 4318 1029 4378 Vl,
1055 4318 1085 4366 7
1117 4332 1129 4367 ε
1164 4338 1190 4362 «ι
1216 4319 1290 4371 At
1309 4319 1361 4370 δὲ
1393 4319 1597 4369 σκολιὰν
1635 4317 1660 4368 ὁ
1684 4320 1838 4382 δᾶμος
1872 4314 2052 4379 ἔλοιτος
2077 4317 2192 4375 τοὺς
2220 4318 2583 4384 ’πρεσρυγενε-Ξοιεσ1

452 4402 539 4450 καὶ
562 4399 834 4467 ἀρχαγέτας
863 4402 1216 4466 ἀποστατῆρας
1240 4400 1392 4458 duest.-
1432 4415 1457 4444 >³
