3131 5037
543 595 606 645 46
1337 596 1438 646 DE
1484 594 1870 645 LYCURGO

544 727 707 821 quid
753 726 941 798 aliud
970 725 1390 817 HerodotuS,
1448 747 1659 819 quum
1710 746 1868 795 eum
1918 723 2202 796 Labotae
2260 725 2678 813 avunculum

545 862 970 947 tutoremque
1012 850 1204 939 facit,
1251 858 1458 947 quam
1496 850 1682 922 inter
1731 874 1940 943 reges
1986 873 2267 945 ponere,
2313 849 2433 945 qui
2475 849 2682 943 primi

543 979 1090 1072 Peloponnesum
1144 977 1609 1072 subigendam
1664 980 2178 1071 susceperunt?
2235 979 2410 1064 Quae
2470 998 2681 1070 quum

542 1105 634 1176 ita
680 1105 849 1192 sint,
910 1103 1093 1175 idem
1148 1103 1449 1175 sensisse
1500 1103 1936 1175 Herodotum
1999 1100 2681 1196 Xenophontemque

542 1231 787 1300 merito
843 1229 1074 1300 dicere
1133 1251 1530 1323 possumuS,
1586 1252 1795 1325 quum
1853 1226 1965 1298 hic
2032 1228 2434 1322 Lycurgum
2492 1223 2682 1297 haud

541 1355 779 1447 procul
819 1355 908 1425 ab
940 1353 1470 1425 Heraclidarum
1500 1363 1816 1448 tempore
1840 1351 2169 1424 floruisse
2209 1351 2673 1423 contenderit.

635 1478 698 1550 E
728 1479 1074 1550 communi
1114 1502 1287 1572 ergo
1310 1489 1697 1574 temporum
1740 1478 2271 1572 computatione,
2318 1475 2679 1548 undecimo

539 1605 684 1677 fere
721 1615 883 1678 ante
922 1606 999 1679 C.
1056 1604 1149 1675 N.
1195 1603 1449 1675 saeculo
1492 1604 1774 1676 vixisset
1813 1606 2180 1700 Lycurgus
2233 1628 2246 1672 :
2306 1602 2671 1696 quomode,

543 1755 805 1826 quaeso,
849 1732 977 1802 hoc
1006 1731 1361 1802 conciliari
1393 1730 1621 1803 valeat
1661 1754 1815 1802 cum
1848 1727 2288 1825 Thucydidis
2321 1725 2673 1821 opinione,

541 1880 698 1929 eum
733 1880 915 1929 anno
954 1857 1226 1929 circiter
1265 1856 1889 1950 septingentesimo
1929 1857 2274 1949 vigesimo
2306 1853 2678 1949 ponentis?

639 1983 839 2055 Hanc
878 1981 1361 2054 difficultatem
1403 1982 1519 2078 qui
1560 1981 1832 2053 solvere
1879 1982 2098 2076 cupit,
2148 1983 2219 2052 in
2267 1978 2675 2052 memoriam

547 2118 826 2181 revocet
885 2131 1170 2180 necesse
1221 2117 1326 2179 est
1383 2106 1917 2179 Heraclidarum
1977 2108 2047 2176 in
2112 2107 2669 2200 Peloponnesum

540 2235 837 2306 reditum
875 2234 1194 2305 ducentis
1227 2234 1432 2304 annis
1464 2233 1758 2323 tardiuS,
1797 2232 2062 2305 decimo
2086 2233 2361 2305 demum
2386 2232 2668 2324 saecu10,

543 2342 812 2432 initium
877 2361 1168 2455 cepisse.
1205 2360 1371 2431 Inde
1420 2361 1739 2457 sequitur
1775 2384 1916 2432 non
1952 2360 2099 2453 jam
2148 2358 2319 2432 adeo
2358 2359 2543 2430 inter
2599 2381 2674 2430 se

540 2485 821 2558 differre
849 2484 1265 2558 excellentes
1295 2485 1665 2592 historicos
1687 2484 2196 2583 Thucydidem,
2226 2485 2675 2580 Xenophon-

542 2622 680 2684 tem
733 2611 1318 2706 Herodotumque‚
1392 2620 1459 2685 et
1519 2612 1732 2684 simul
1790 2612 2076 2686 enodari
2124 2610 2669 2698 inenodabilem,

539 2761 741 2834 quam
791 2739 956 2808 olim
1002 2737 1221 2815 critici
1276 2739 1461 2830 apnd
1507 2738 2044 2831 Xenophontem
2090 2736 2454 2827 notabant,
2496 2734 2675 2806 diffi—

540 2864 896 2938 cultatem.

636 3117 780 3188 Res
818 3115 1188 3188 dilucidior
1228 3118 1432 3190 etiam
1463 3118 1855 3213 apparebit,
1891 3141 2102 3214 quum
2134 3116 2297 3213 quid
2337 3116 2421 3187 de
2460 3115 2672 3189 Pelo·-

540 3244 827 3337 ponnesi
856 3266 896 3314 a
927 3243 1385 3315 Doriensibus
1439 3246 1887 3339 occupatione
1932 3245 2375 3317 sentiendum
2428 3253 2673 3315 osten-

537 3367 881 3458 derimus3
916 3366 1425 3441 contendebant
1473 3370 1662 3441 enim
1702 3381 1974 3442 veteres
2012 3367 2434 3463 scriptores¹
2475 3369 2671 3441 illam

536 3491 897 3586 regionem
927 3493 1121 3587 quasi
1153 3502 1555 3587 portentosa
1580 3495 1648 3564 vi
1679 3495 1938 3565 divinae
1965 3493 2328 3588 cujusdam
2371 3494 2671 3587 virgulae

537 3639 622 3686 ex
665 3617 1043 3711 improviso
1081 3618 1151 3687 in
1195 3617 1531 3691 ditionem
1577 3620 1954 3691 redactam.
2009 3620 2292 3690 Primus
2344 3619 2668 3715 patefecit

538 3740 620 3812 O.
675 3740 1018 3812 Miillerus
1095 3764 1299 3836 quam
1360 3742 1795 3814 incredibilis
1834 3744 1925 3817 sit
1955 3744 2105 3815 haec
2135 3767 2177 3816 a
2207 3745 2491 3837 tragicis
2534 3768 2668 3816 ex-

534 3865 836 3958 cogitata
896 3864 1161 3956 fabula,
1222 3866 1486 3938 scilicet
1522 3868 1902 3938 Dorienses
1943 3878 2203 3940 terram
2254 3891 2461 3964 quam
2522 3891 2663 3940 non

533 3990 758 4061 adhuc
802 3991 1238 4084 possiderent
1277 3993 1461 4064 inter
1505 4015 1580 4063 se
1615 3994 1914 4086 partitos
1945 4016 2098 4065 esse
2138 3993 2310 4066 :illa
2349 3994 2534 4066 enim
2578 3996 2667 4066 ab

592 4274 609 4307 ¹
645 4271 1016 4327 TaucrnioeS,
1054 4271 1094 4328 I,
1128 4269 1207 4319 12.
1246 4298 1307 4307 —
1345 4271 1424 4322 Cf.
1479 4272 1826 4331 Hsnonoi-us,
1863 4274 1904 4331 1,
1935 4273 2026 4335 563
2061 4274 2149 4334 VI,
2191 4272 2271 4324 52.
2327 4301 2389 4311 —-
2425 4274 2665 4333 Sammo,

526 4352 660 4404 VIII.
701 4352 748 4411 3,
781 4350 858 4404 33,
892 4378 939 4386 -
975 4350 1239 4399 Aponon.
1282 4352 1447 4408 Bibe„
1475 4352 1541 4410 11,
1568 4352 1617 4401 8.
1644 4378 1706 4390 --
1740 4352 2070 4412 Pausaniam,
2116 4355 2179 4414 11,
2215 4355 2291 4415 18,
2327 4356 2389 4415 73
2425 4355 2491 4412 V,
2523 4353 2576 4413 3,
2605 4355 2654 4405 5.
