3131 5037
1165 573 1434 625 CAPUT
1479 576 1902 629 SEPTIMUM
2522 585 2580 633 91

447 724 583 793 gus
625 700 1124 796 rempublicam
1162 702 1697 795 gubernandam
1739 703 2386 804 defendendamque
2424 719 2582 783 tra-

448 828 719 900 diderat
753 853 768 897 :
807 828 967 923 quis
1010 827 1199 899 enim
1228 840 1455 923 'neget
1505 815 1626 901 illo
1665 829 1910 903 favore
1956 832 2209 927 dignos
2233 834 2583 928 judicatos

446 976 626 1045 esse,
706 954 848 1047 qui,
918 952 1375 1025 Doriensibus
1438 942 1559 1025 vix
1624 954 2184 1047 advenientibus,
2252 982 2410 1031 cum
2483 962 2584 1034 eis

441 1079 1080 1175 foedus'inierantZ
2255 1087 2259 1092 “
2314 1177 2318 1182 1
2373 1084 2375 1086 ’

541 1203 653 1275 Ab
685 1227 928 1275 eorum
976 1204 1200 1296 igitur
1263 1205 1591 1298 opinione
1646 1205 1990 1278 abhorreo
2049 1209 2167 1304 qui
2204 1212 2589 1305 spartanis*

444 1328 629 1402 solos
694 1330 1070 1403 Dorienses
1119 1340 1620 1401 annumeratos
1673 1309 1908 1403 fuisse'
1948 1335 2402 1424 contendunt,
2454 1360 2583 1408 nec

442 1433 795 1527 absimiles
826 1454 873 1523 ii
911 1452 1131 1526 fuisse
1170 1456 1339 1526 mihi
1384 1456 1712 1527 videntur
1743 1458 2038 1550 collegio
2081 1459 2354 1532 cuidam
2385 1462 2580 1532 mili-

444 1580 604 1670 tari,
627 1579 739 1650 cui
767 1579 1027 1650 liberos
1059 1557 1249 1652 uiros
1293 1603 1534 1651 omnes
1575 1582 2000 1654 consociavit
2029 1586 2428 1679 LycurgUS,
2463 1589 2580 1683 qui

443 1726 760 1775 severam
782 1703 866 1775 ab
888 1727 969 1775 eo
985 1704 1312 1775 indictam
1334 1705 1774 1801 disciplinam
1805 1730 1943 1778 non
1987 1709 2572 1784 detrectaverant,

441 1830 617 1914 Quae
664 1827 879 1900 fuerit
929 1828 1053 1900 illa
1110 1829 1476 1925 disciplina
1533 1855 1673 1902 non
1728 1832 1978 1904 ordine
2035 1833 2378 1922 narrab03
2435 1859 2577 1907 non

438 1934 719 2047 possum
759 1963 992 2025 tamen
1019 1952 1194 2026 illud
1227 1956 1794 2048 praetermittere,
1843 1959 2105 2031 scilicet
2143 1960 2427 2053 plenum
2455 1962 2576 2055 jus

438 2079 690 2150 civium
734 2078 833 2150 eis
880 2078 1118 2170 adimi,
1154 2080 1272 2174 qui
1320 2089 1547 2151 ratam
1583 2082 1656 2152 in
1695 2080 1982 2170 syssitia
2012 2093 2278 2178 partem
2321 2079 2576 2159 afferre

439 2227 578 2274 non
619 2212 932 2298 possent.

443 2411 448 2415 ⁴
531 2330 634 2401 Ea
659 2353 745 2429 ⁴re
786 2352 867 2401 eo
907 2330 1317 2406 adducimur
1355 2339 1431 2403 ut
1468 2335 1889 2406 sententiam
1936 2358 2432 2429 expromamus
2488 2335 2574 2407 de

436 2435 793 2550 ayrorum
847 2454 1223 2545 divisione,
1263 2471 1420 2552 quae
1470 2457 1800 2553 Lycurgo
1840 2459 2063 2552 *vulgo
2105 2460 2512 2533 attribuitur
2549 2486 2564 2532 z

437 2590 601 2653 ante
639 2581 873 2653 omnia
924 2580 1290 2654 dicendum
1338 2592 1445 2655 est
1495 2605 1677 2674 eam,
1743 2585 1925 2679 quod
1988 2585 2076 2656 ad
2130 2611 2241 2658 me
2293 2588 2566 2676 attinet,

438 2730 653 2779 unam
704 2706 1160 2802 eamdemque
1208 2707 1437 2781 videri
1486 2717 1696 2803 atque
1737 2718 2086 2781 terrarum
2144 2711 2568 2783 distributio-

434 2856 619 2924 nem,
663 2857 818 2928 quae
844 2815 1384 2909 advenientibus
1419 2833 1492 2903 in
1523 2834 2083 2928 Peloponnesum
2105 2835 2568 2907 Doriensibus

433 2957 667 3031 effecta
694 2966 827 3048 est,
864 2966 940 3030 ut
973 2957 1121 3029 fieri
1152 2949 1422 3030 solebat
1450 2960 1867 3055 antiquitu8‚
1906 2960 2174 3053 quoties
2205 2963 2568 3055 regionem

430 3084 502 3152 in
538 3083 871 3156 ditionem
912 3106 1111 3155 suam
1149 3084 1631 3161 invadentium
1659 3093 1908 3156 turmae
1947 3086 2396 3178 redegerant.

528 3208 713 3295 Quid
760 3211 1067 3279 mirum?
1124 3211 1525 3304 Lycurgum
1583 3209 1773 3283 enim
1812 3209 2075 3283 vixisse
2121 3210 2566 3283 demonstra-.-

424 3315 655 3406 ’vimus
717 3358 900 3409 nono
950 3343 1113 3407 ante
1161 3335 1239 3407 C.
1300 3335 1393 3407 N.
1435 3333 1744 3426 ‘saeculQ
1799 3343 2107 3430 tempore
2162 3359 2293 3431 quo
2351 3335 2562 3407 finem

427 3458 753 3531 habuisse
782 3459 1232 3531 Doriensium
1261 3459 1686 3555 irruptiones
1715 3471 1920 3532 antea
1940 3459 2391 3535 ostendimus.

523 3585 723 3655 Bona
754 3586 935 3655 inter
964 3583 1345 3657 Dorienses
1386 3607 1628 3655 omnes
1657 3585 2027 3680 aequaliter
2058 3585 2280 3656 divisa
2308 3561 2552 3674 fuisse,

427 3710 659 3780 fictum
690 3732 845 3782 esse
891 3706 1154 3804 aliquid
1190 3709 1509 3802 patefecit
1539 3709 1893 3801 Grotius1,
1937 3709 2192 3802 Agidis
2233 3708 2559 3781 Cleome-

425 3834 673 3929 nisque
703 3842 908 3907 aetate
948 3834 1454 3927 excogitatum,
1494 3836 1790 3929 egregia
1839 3834 1925 3906 ab
1962 3858 2042 3906 eo
2078 3832 2291 3906 allata
2322 3834 2558 3929 'argu'-

423 3969 660 4032 menta
713 3961 827 4032 hic
875 3958 1137 4031 referre
1197 3983 1757 4054 supervacuum:
1800 3960 1976 4032 illud
2030 3960 2232 4032 modo
2301 3960 2557 4032 addere

420 4084 653 4173 liceat,
698 4109 839 4157 non
891 4086 1041 4158 fieri
1102 4087 1403 4176 potuisse
1463 4097 1537 4158 ut
1606 4086 2028 4157 Achaeorum
2087 4088 2428 4179 primores
2488 4095 2556 4156 et

489 4362 523 4396 1*
542 4360 753 4422 Gno‘m,
782 4360 877 4425 Op.
906 4361 1021 4421 cit„
1051 4367 1090 4412 t.
1124 4361 1213 4421 ΙΙΙ,
1250 4377 1301 4427 p.
1337 4360 1450 4412 329.
