3131 5037
577 598 606 644 8
1391 593 1490 642 DE
1524 592 1903 643 LYCURGO

578 732 857 818 matque
894 745 969 793 se
1006 722 1081 791 in
1125 719 1528 814 exponenda
1570 728 1905 813 spartana
1958 720 2318 814 republica
2367 746 2455 794 ne
2505 744 2716 793 unam

576 846 853 943 quidem
892 847 1237 941 reperisse
1262 846 1491 939 legem
1514 867 1671 941 quae
1690 845 1971 939 proprie
1994 846 2320 941 Lycurgo
2343 847 2712 920 tribuenda

574 974 698 1065 sit3
725 996 944 1068 quare
964 970 1184 1043 ullum
1205 994 1510 1066 unquam
1538 970 1744 1063 hujus
1775 969 2073 1042 nominis
2101 972 2328 1044 virum
2360 973 2712 1046 exstitisse

544 1072 811 1191 negat.

667 1220 1261 1295 Arecentioribus
1309 1221 1701 1292 auctoribus
1756 1223 1932 1309 haec,
1979 1223 2065 1294 ob
2133 1224 2356 1319 ipsam
2394 1224 2709 1297 insolen-

573 1348 766 1438 tiam,
791 1348 1018 1444 opinio
1047 1356 1329 1442 accepta
1359 1354 1487 1435 est,
1523 1347 1922 1444 aliquotque
1950 1373 2170 1422 annos
2190 1349 2459 1421 nullum
2490 1349 2708 1423 fuisse

570 1477 970 1571 Lycurgum
1002 1496 1412 1569 persuasum
1439 1471 1834 1577 habuerunt
1912 1475 2228 1571 plerique
2257 1470 2706 1548 historiarum

567 1602 965 1695 scriptores.
1014 1602 1387 1697 Postquam
1431 1609 1666 1671 autem
1715 1600 2021 1672 sedulius
2055 1625 2164 1673 res
2193 1625 2541 1696 perpensa
2577 1601 2707 1673 fuit

567 1736 635 1798 et
681 1726 842 1820 quid
884 1724 1118 1797 allatae
1161 1725 1460 1796 rationes
1493 1723 1809 1829 valerent
1861 1726 2106 1797 melius
2161 1725 2699 1816 consideratum,

567 1851 806 1922 sanius
854 1850 940 1921 do
993 1851 1315 1943 Lycurgo
1346 1848 1608 1921 factum
1638 1857 1742 1920 est
1776 1850 2114 1942 judicium
2172 1860 2238 1922 et
2295 1859 2707 1946 argumenta

468 2044 471 2047 ,
565 1998 721 2072 quae
767 1983 1007 2047 contra·
1049 1996 1209 2046 eum
1260 1974 1466 2045 allata
1512 1973 1826 2062 fuerant,·
1854 1976 2067 2047 multo
2117 1976 2350 2047 minus
2406 1977 2704 2070 adpro-

563 2100 868 2172 bandum
935 2099 1134 2170 firma
1184 2121 1338 2170 esse
1377 2099 1526 2170 visa
1596 2108 1779 2171 sunt.
1842 2101 1999 2171 Jam
2051 2102 2356 2173 omnium
2400 2100 2704 2194 primum

563 2250 804 2297 eorum
828 2225 1307 2306 examinemus
1333 2226 1773 2314 sententiam,
1803 2226 1918 2321 qui
1947 2227 2355 2321 Lycurgum
2375 2224 2704 2297 heroibus

566 2345 1236 2446 tanquam'HerculL
1281 2349 1567 2437 Thesei,
1604 2350 1874 2421 Castori
1919 2350 2325 2446 Pollucique
2368 2372 2702 2422 annume-

562 2478 838 2568 rabant,
870 2502 950 2550 eo
987 2478 1166 2573 quod
1200 2462 1440 2549 fanum
1474 2478 1532 2548 ei
1567 2488 1963 2550 voveretur.
2000 2477 2104 2549 De
2133 2477 2310 2550 facto
2342 2476 2693 2549 convenit:

559 2632 599 2679 a
639 2606 956 2701 pluribus
1008 2605 1190 2677 enim
1238 2605 1528 2677 relatum
1581 2616 1685 2677 est
1733 2604 2023 2676 testibus
2068 2628 2275 2699 quam
2323 2614 2399 2676 ut
2445 2605 2701 2676 infitias

560 2756 826 2820 eamus,
872 2731 959 2802 ab
1001 2728 1420 2801 Aristotele1
1453 2730 1742 2819 scilicet,
1784 2729 1871 2800 ab
1913 2730 2267 2800 Herodoto
2285 2728 2335 2817 ²,
2371 2723 2699 2823 Ephoro-
2791 2765 2794 2768 ¹

560 2883 693 2955 que
714 2859 766 2942 ³3
801 2859 938 2928 imo
971 2855 1184 2928 refert
1204 2855 1628 2927 Pausanias'*
1660 2880 1761 2939 so,
1794 2857 1953 2926 (lum
1978 2856 2247 2949 Sparta}
2270 2866 2689 2944 versaretur,

556 2986 689 3056 hoc
732 2983 1067 3077 templum
1094 2982 1378 3071 vidisse,
1416 2992 1483 3052 et
1518 2979 1877 3052 nonnullae
1909 3006 2094 3052 nunc
2125 2982 2331 3053 etiam
2364 2981 2694 3057 laconicae

559 3119 924 3181 servantur
963 3108 1450 3202 inscriptiones
1490 3109 1606 3177 ubi
1646 3108 1798 3177 haec
1833 3107 2181 3199 insculpta
2223 3118 2383 3177 sunt
2417 3108 2636 3178 verba
2673 3133 2686 3177 :

558 3232 817 3311 σύνδικος
848 3233 1004 3301 Θεοῦ
1028 3228 1420 3328 Λυκούργσυῦ,
1456 3232 1798 3321 ἐπιμελητής
1820 3233 1977 3300 Θεοῦ
2000 3230 2389 3327 Λυκεύργευῦ,
2414 3231 2694 3326 ἐξηγητής

554 3365 666 3429 τῶν
723 3358 1126 3454 Λυ>ουργεῖων
1149 3356 1200 3428 ⁷.
1256 3357 1436 3440 Quin
1487 3359 1694 3429 etiam
1752 3382 1980 3430 annua
2013 3360 2098 3430 ·ei
2152 3358 2486 3430 sacrificia
2542 3361 2692 3429 fieri

555 3486 739 3582 apud
776 3485 1225 3558 Plutarchum
1256 3482 1720 3556 invenimusss.

619 3813 636 3864 4
674 3810 824 3875 Apud
854 3811 1024 3861 Pmrr.
1057 3809 1324 3873 Lycury„
1356 3807 1546 3864 XXXI,
1581 3808 1629 3854 4.

602 3890 639 3954 ,2
676 3891 1026 3951 Ηειιουοτυε,
1059 3887 1114 3948 1,'
1134 3889 1213 3939 66.

613 3972 638 4008 3
671 3973 946 4027 Emmaus,
985 3970 1123 4035 apud
1162 3971 1511 4030 STRABONEM,
1545 3969 1687 4028 VIII,
1718 3969 1767 4030 5,
1796 3969 1845 4019 5.

611 4052 635 4089 ⁴
670 4054 1002 4112 PAUSANIAS„
1030 4052 1224 4112 111,16‚
1258 4052 1306 4101 6.

611 4134 635 4170 5
671 4135 836 4197 Gorp.
871 4136 911 4184 I
914 4148 1060 4184 nscr.
1097 4136 1292 4194 Grac,
1319 4149 1376 4183 no
1406 4134 1544 4183 1256.

613 4215 636 4250 ⁰
671 4216 848 4271 Ibid„
889 4223 945 4262 n0
976 4213 1120 4265 1341.
1146 4242 1200 4250 ——
1233 4214 1308 4263 Cf.
1342 4213 1480 4263 1362.

611 4295 633 4330 ⁷
667 4295 841 4356 Ibid„
875 4305 937 4342 n⁰
969 4293 1091 4345 1364
1123 4294 1174 4344 b.

599 4379 623 4415 8
657 4378 825 4429 PLur.
864 4377 1138 4440 Lycum„
1170 4374 1362 4437 XXXI,
1392 4377 1442 4426 4.
