3131 5037
1169 582 1438 635 CAPUT
1481 582 1869 635 OCTAVUM
2515 580 2578 628 99

438 714 706 788 familia
736 737 863 809 pro
883 714 1190 800 AchaeiS,
1234 713 1460 784 altera
1485 696 1610 806 pro
1642 694 2106 784 Dorien'sibus
2137 710 2210 781 in
2253 710 2576 781 societate

438 843 560 914 illa
597 842 773 913 inita
808 849 1077 935 partem
1112 838 1428 911 haberet.
1843 819 1851 826 ’

536 965 643 1037 Ab
680 988 758 1037 ea
788 988 864 1036 re
892 987 1032 1035 uon
1063 963 1369 1036 alienum
1400 962 1679 1035 videtur
1715 961 1890 1033 illud
1917 960 2101 1055 quod
2136 961 2577 1060 Cleomenem

441 1090 783 1162 sacerdoti
830 1088 1274 1182 respondisse
1320 1087 1504 1180 apud
1560 1085 2039 1159 Herodotum1
2092 1086 2493 1157 invenimus
2556 1110 2572 1156 ε

442 1216 714 1303 Quum,
748 1216 1002 1309 inquit,
1034 1213 1113 1286 in
1141 1213 1614 1285 Athenarum
1640 1235 1891 1285 arcem
1913 1211 2328 1305 occupandi
2354 1234 2580 1282 causa

442 1339 953 1441 adscendisset,
1021 1339 1123 1411 ad
1175 1336 1557 1431 penetrale
1621 1338 1780 1408 dcae
1836 1345 2247 1408 accesserat
2297 1337 2582 1407 consul-

440 1476 652 1538 turus
681 1489 872 1538 eam.
907 1465 1011 1538 At
1038 1464 1403 1555 sacerdOS,
1435 1464 1528 1535 de
1556 1464 1741 1536 sella
1769 1480 2103 1558 suryenS,
2132 1462 2578 1559 priusquam

435 1594 565 1666 ille
598 1616 743 1687 per
789 1594 1108 1684 januam
1157 1590 1531 1680 intrasset,
1592 1590 1780 1662 dicit
1819 1621 1840 1661 .-
1905 1615 1941 1660 <‹
2005 1589 2574 1681 Retroyredere,

440 1721 686 1816 hospes
744 1720 1291 1809 lacedaemonie,
1348 1741 1484 1790 nec
1556 1717 1658 1798 in,
1695 1694 2245 1812 hoc‚'tentplum
2316 1717 2580 1811 pedem

432 1846 667 1945 pone!
692 1851 932 1945 Nefas
962 1859 1067 1923 est
1093 1848 1291 1918 enim
1327 1846 1801 1921 Doriensibns
1840 1850 1984 1921 huc
2014 1850 2329 1920 intrare.
2361 1868 2397 1913 »
2438 1846 2582 1921 Oui

440 1982 571 2055 ille
626 1977 1007 2075 respondit
1052 2003 1078 2051 .·
1148 2000 1183 2043 «
1246 1979 1355 2052 At
1413 1999 1558 2049 non
1617 1975 1971 2052 doriensis
2018 1999 2207 2069 sum,
2274 1981 2573 2070 mulier,

441 2108 567 2179 sed
602 2102 944 2180 achaeus!
976 2127 1011 2173 ))
1042 2104 1225 2194 Quid
1254 2129 1338 2177 ex
1373 2105 1485 2177 his
1514 2105 1750 2178 verbis
1792 2106 2373 2196 concludendum,
2410 2106 2574 2197 nisi,

445 2242 522 2305 ut
569 2233 737 2306 dixit
787 2234 1234 2306 Hermannus
1257 2230 1310 2322 ²,
1358 2214 1800 2305 Cleomenem
1841 2233 2233 2328 exprimere
2273 2233 2581 2308 voluisse

446 2383 521 2433 se
552 2384 636 2433 ex
672 2359 1119 2455 Eurysthene
1159 2358 1283 2430 illo
1324 2358 1664 2454 originem
1717 2358 1998 2451 ducere,
2045 2382 2248 2455 quem
2279 2360 2582 2435 vidimus

445 2498 647 2563 vetus
688 2488 1114 2562 Achaeorum
1166 2491 1391 2584 genus
1442 2485 1741 2582 referre,
1801 2489 1962 2561 dum
2023 2496 2264 2564 contra
2297 2488 2584 2563 Procles

448 2617 823 2689 Dorienses
888 2615 1268 2709 figuraret,
1340 2615 1456 2710 qui
1531 2613 1763 2689 sedern
1834 2618 2137 2713 primum
2211 2618 2287 2689 in
2362 2614 2582 2690 altero

447 2744 722 2839 Spartae
771 2749 1005 2814 monte
1070 2741 1626 2814 collocaverant?
1668 2743 1936 2815 ‘Foedus
1982 2743 2165 2816 inter
2204 2743 2374 2815 duos
2424 2743 2581 2814 illos

446 2869 761 2940 diversos
803 2864 1097 2961 populos
1154 2866 1409 2939 initum
1449 2891 1530 2940 eo
1563 2867 2112 2962 significabatur,
2171 2867 2356 2964 quod
2395 2868 2584 2940 inter

448 2993 803 3089 praecipua
840 3015 1089 3086 regum
1132 3015 1430 3064 munera
1478 3005 1663 3066 esset
1705 2993 1876 3066 Jovi
1908 2993 2286 3084 Hellanio,
2328 2994 2471 3090 qui,
2529 2995 2587 3065 si

450 3118 767 3190 Gilberto
814 3115 1226 3207 credimus3,
1262 3119 1736 3208 Doriensium,
1779 3104 1849 3190 ef
1895 3118 2061 3192 Jom‘
2098 3117 2422 3209 Caelesti,
2471 3119 2588 3214 qui

449 3243 871 3317 Achaeorum
898 3252 1233 3339 patronus
1272 3254 1445 3330 erat,
1500 3243 1923 3316 sacrificare.

549 3372 919 3464 Lycurgus
947 3377 1177 3441 autem
1207 3369 1303 3441 ita
1332 3369 1565 3441 omnia
1593 3370 1777 3441 inter
1806 3368 1979 3441 duas
2014 3370 2249 3464 regias
2285 3328 2586 3442 familias

452 3494 931 3590 aequiparavit,
973 3502 1052 3565 ut
1081 3518 1242 3565 mox
1268 3495 1489 3566 variae
1518 3494 1734 3588 hujus
1761 3495 2050 3588 originis
2082 3495 2416 3567 memoria
2443 3494 2590 3567 fere

455 3621 841 3711 evanuerit,
887 3630 955 3693 et
995 3619 1212 3714 vulgo
1240 3620 1550 3715 spartani
1595 3644 1799 3715 reges
1838 3620 2042 3693 ambo
2073 3620 2162 3693 ab
2195 3621 2592 3693 Heraclidis

517 3846 538 3878 ¹
572 3842 922 3900 Hmionowus,
950 3841 1018 3902 V,
1047 3842 1161 3892 72.
1149 3858 1161 3870 ·
1194 3842 1279 3901 Ὦς
1311 3834 1583 3910 γὰρ’ἆνέὸη
1616 3840 1668 3902 ἐς
1694 3846 1782 3905 τὴν
1818 3840 2092 3910 ἀκρόπολιν
2120 3845 2306 3909 μέλλων
2343 3843 2419 3908 δὴ·
2439 3839 2591 3908 αὐτὴν

454 3921 812 3988 κατασχήσειν,
838 3919 959 3983 ‘hie'
940 3943 988 3981 ες
1018 3944 1075 3974 το
1106 3922 1286 3974 αδυτον
1312 3929 1397 3987 τῆς
1421 3928 1533 3975 θεοῦ
1563 3921 1628 3983 ὡς
1653 3926 1957 3991 προσερέων·
1992 3919 2024 3988 ἦ
2054 3925 2106 3976 δὲ
2126 3926 2254 3992 ἴρεια
2279 3920 2594 3982 ἐξαναστᾶσα

455 3999 512 4054 ἐκ
536 4010 625 4054 τοῦ
652 4004 846 4100 θρόνου,
863 4005 952 4070 πρι
940 4022 981 4053 ιν
1002 4005 1034 4068 ἢ
1064 4006 1150 4061 τὰς
1174 4005 1321 4069 θύρας
1345 4000 1495 4055 αὐτὸν
1522 4007 1747 4069 ἀμεῖψαι,
1775 4002 1901 4067 εἷπε,
1929 4025 1951 4048 «
1988 3999 2028 4055 ὦ
2051 4008 2172 4063 ξεῖνε
2205 4005 2591 4068 Λακεδαιμόνιε,

456 4083 599 4135 πάλιν
627 4085 783 4150 χώρεε
806 4086 915 4148 μηδ’
943 4079 1109 4134 ἔσιθι’
1089 4104 1138 4142 ες
1160 4104 1217 4134 το
1249 4085 1373 4149 ἱρόν·
1395 4080 1451 4135 οὐ
1472 4104 1570 4152 γαρ
1595 4087 1780 4149 θεμιτον
1799 4092 1880 4136 Δω
1855 4092 2038 4152 υριεῦσι
2056 4089 2287 4151 παριέναι
2313 4082 2587 4137 ἐνθαῦτα.»

464 4162 524 4214 ‘O
553 4166 603 4215 δὲ
632 4165 759 4223 εἶπε,
789 4156 1058 4228 «ὦγύναι,
1082 4158 1191 4214 ἀλλ’
1224 4160 1282 4214 οὐ
1309 4165 1522 4231 Δωριεύς
1554 4166 1672 4228 εἰμι,
1708 4160 1815 4216 ἀλλ’
1852 4165 2124 4232 Ἀχαιὸς.»

516 4243 538 4278 2
573 4244 866 4301 ΗΒΒΜΑΝΝ,
896 4244 1186 4292 Lehrbuch
1212 4247 1312 4293 der
1342 4245 1729 4307 qriechischen
1761 4245 2191 4307 Antiquitaten.
2222 4272 2280 4283 —
2315 4246 2585 4295 Staatsal.

459 4322 793 4381 terthitmcr‚
825 4338 986 4381 xxw,
1009 4324 1072 4384 54

518 4400 543 4441 3
576 4400 833 4460 Granum,
866 4403 1107 4457 Studien
1132 4417 1246 4452 zua-
1270 4403 1529 4474 altspart.
1558 4405 1770 4464 Gesch„
1799 4405 1985 4476 12:140.
