3131 5037
1216 594 1479 647 CAPUT
1522 594 1850 646 SEXTUM
2533 597 2597 646 75

463 714 911 788 videbantur.
965 718 1166 789 Hanc
1204 741 1356 790 esse
1392 739 1672 789 causam
1720 740 2134 813 persuasum
2175 719 2398 792 habeo
2442 742 2589 807 cur,

461 864 674 939 quum
718 851 1113 915 metuerent
1155 842 1365 916 duces
1401 867 1491 915 ne
1519 855 1803 938 propter
1842 845 2002 916 vitae
2046 845 2597 917 commoditatem

462 967 714 1041 milites
779 968 1037 1040 vexilla
1092 969 1364 1064 insequi
1420 980 1858 1058 recusarent,
1928 970 2120 1041 illam
2179 972 2519 1043 rheti-am
2555 994 2598 1043 a

459 1093 775 1188 delphico
840 1094 1120 1167 oraculo
1166 1094 1517 1189 petierint.
1572 1095 1752 1167 Illud
1816 1104 2050 1167 autem
2103 1096 2179 1166 in
2218 1105 2592 1168 consuetu—

461 1219 694 1293 dinem
738 1220 1043 1308 venisse,
1097 1231 1163 1292 et
1212 1220 1439 1293 adhuc
1486 1222 1955 1315 permansisse
1981 1230 2350 1316 postquam
2377 1221 2597 1295 Pelo-

461 1368 774 1439 ponneso
824 1346 1020 1439 potiti
1063 1344 1327 1420 fuerint
1371 1347 1778 1438 DorienseS‚
1831 1371 1916 1421 ex
1965 1346 2097 1418 hac
2142 1369 2182 1418 a
2219 1345 2595 1419 Plutarcho

463 1471 684 1543 relata
760 1468 993 1543 fabula
1075 1473 1474 1566 conjectare
1531 1472 1694 1544 licet
1757 1497 1773 1543 ε
1852 1474 2222 1563 Tradunt,
2293 1470 2591 1567 inquit1,

462 1596 997 1693 Leotychidam
1030 1594 1371 1669 Corinthi
1389 1607 1826 1694 coenantem,
1871 1620 2042 1670 cum
2061 1597 2343 1670 videret
2373 1596 2596 1669 tabu-

460 1723 619 1794 lata
681 1722 935 1793 domus
987 1733 1417 1818 sumptuosa
1486 1732 1556 1795 et
1615 1723 1990 1816 laqueata,
2047 1725 2458 1816 quaesivisse
2502 1748 2596 1796 eoo

457 1846 760 1940 hospite,
798 1870 977 1917 num
1010 1847 1089 1917 in
1154 1869 1245 1919 ea
1302 1846 1602 1940 reyione
1658 1847 1867 1941 liqna
1899 1849 2278 1941 quadrata
2332 1871 2595 1922 nasce-

456 1974 777 2043 rentur?

550 2100 700 2171 Nec
761 2097 897 2169 alia
936 2106 1121 2189 eget,
1167 2107 1243 2169 ut
1306 2097 1477 2168 mihi
1514 2097 1819 2187 videtur,
1873 2098 2328 2192 explicatione
2388 2100 2594 2173 tertia

457 2222 575 2294 illa
614 2223 879 2295 rhecoma
924 2245 1063 2317 qua
1100 2221 1467 2294 vetabatur
1520 2246 1612 2293 ne
1656 2222 1927 2293 bellum
1972 2222 2232 2295 iisdem
2278 2224 2592 2296 hostibus

454 2350 847 2442 inferrent.
909 2345 1088 2417 Illud
1149 2348 1430 2440 jussum
1475 2370 1659 2434 ,esse
1723 2348 1956 2436 aiebat
2014 2348 2438 2421 Plutarchus
2500 2375 2592 2422 ne

456 2474 707 2563 hostes,
742 2495 818 2543 se
843 2472 1249 2565 defendere
1292 2470 1676 2562 discenteS,
1707 2470 2021 2544 bellicosi
2053 2472 2324 2566 fierent
2346 2470 2397 2545 2.
2451 2476 2590 2548 Vix

457 2622 630 2693 opus
666 2608 772 2670 est
800 2607 874 2669 ut
914 2597 1139 2668 dicam
1168 2595 1455 2668 allatam
1487 2596 1669 2666 hanc
1709 2598 2050 2671 rationem
2082 2601 2364 2670 omnino
2393 2601 2590 2672 infir-

456 2746 887 2795 mam-esse.
950 2721 1132 2808 Quid
1191 2721 1423 2793 enim?
1486 2721 1741 2793 Nonne
1778 2723 1912 2816 ipsi
1951 2746 2026 2793 se
2063 2724 2136 2793 in
2201 2725 2588 2818 periculum

455 2849 965 2920 commisissent
996 2846 1323 2940 Spartani
1344 2848 1427 2935 si,
1456 2869 1593 2940 quo
1617 2846 1843 2940 magis
1869 2847 2106 2919 hostes
2137 2850 2580 2943 restitissent,

456 2998 536 3046 eo
575 2974 803 3045 minus
835 2997 954 3044 eos
982 2971 1335 3043 debellare
1380 2971 1614 3049 conati
1651 2973 1928 3061 essent?
1957 2972 2158 3044 Hanc
2204 2997 2377 3069 ergo
2407 3000 2587 3048 eno—

456 3099 831 3191 dationem,
877 3107 955 3169 ut
992 3098 1273 3169 omnino
1324 3098 1667 3190 imparem
1721 3097 2120 3191 rejicimus3
2178 3122 2293 3170 res
2344 3110 2585 3175 contra

455 3225 800 3317 clarescit,
829 3223 1029 3294 modo
1054 3222 1143 3294 ad
1161 3221 1535 3293 Dorienses
1568 3220 1724 3291 illos
1758 3219 2096 3292 referatur
2115 3223 2258 3316 qui,
2285 3224 2584 3298 Maliaco

453 3352 616 3423 sinu
647 3348 966 3445 profecti,
1008 3347 1349 3421 Graeciam
1383 3346 1978 3435 transcurrebant,
2021 3355 2096 3417 ut
2111 3347 2201 3418 ad
2229 3359 2583 3443 exoptatas

449 3478 606 3550 illas
644 3473 1112 3569 Peloponnesi
1163 3482 1409 3544 terras*
1433 3471 1905 3566 pervenirent.
1963 3473 2196 3558 Quum
2246 3474 2429 3545 enim
2483 3477 2585 3549 nil

453 3612 594 3675 tam
641 3609 973 3696 cuperent
1027 3598 1134 3669 illi
1199 3620 1406 3693 quam
1463 3596 1890 3692 propositum
1946 3596 2220 3692 assequi
2271 3605 2341 3670 et
2393 3597 2581 3671 felici

452 3737 638 3800 terra
673 3725 909 3821 potiri,
965 3745 1176 3818 quam
1222 3721 1634 3794 ardentibus
1681 3722 1862 3792 votis
1910 3721 2351 3815 expetebant,
2414 3725 2583 3819 quid

514 3969 535 4005 ²
566 3969 732 4022 PLu'r.
758 3969 1028 4030 Lycur9.‚
1062 3965 1203 4024 XIII,
1228 3966 1257 4013 7
1280 3980 1291 4013 :
1339 3963 1429 4016 Ἐκ
1456 3967 1508 4016 δὲ
1534 3965 1718 4027 ταύτης
1736 3969 1823 4028 τῆς
1850 3967 2107 4026 συνηθείας
2123 3969 2245 4031 φασὶ
2268 3970 2354 4018 καὶ
2381 3968 2582 4024 Lemm-

452 4051 597 4115 χίδην
635 4051 722 4101 τὸν
756 4048 1107 4116 πρεσὸΰτερον,
1130 4043 1181 4097 ἐν
1216 4048 1439 4113 Κορίνθῳ
1482 4049 1774 4097 δειπνοῦντα
1805 4046 1894 4095 καῖ
1939 4047 2243 4109 θεασάμενον
2283 4053 2369 4110 τῆς
2409 4049 2582 4113 στέγης

450 4137 539 4182 τοῦ
567 4131 709 4183 οἴκου
741 4134 827 4192 τὴν
861 4127 1175 4192 κατασκευὴν
1212 4131 1453 4187 πολυτελῆ
1490 4129 1576 4177 καὶ
1603 4128 2001 4192 φατνωματὲκὴν,
2033 4121 2280 4194 ἐρωτῆσαι
2312 4129 2397 4179 τὸν
2422 4131 2592 4190 ξένον,

453 4212 493 4261 εἰ
521 4211 812 4278 τετράγωνα
836 4213 951 4278 παρ’
975 4205 1144 4267 αὐτοῖς
1173 4207 1234 4259 τὰ
1269 4207 1391 4267 ξὺλα
1420 4209 1612 4273 φύεται.

510 4292 535 4328 2
568 4291 732 4342 Purr.
765 4292 1038 4354 Lycur-9„
1068 4290 1209 4348 xm,
1248 4288 1278 4337 8
1310 4303 1323 4337 ε
1362 4288 1505 4339 ι..ὶ’να
1540 4291 1606 4352 μὴ
1644 4289 1878 4346 πολλάκις
1922 4285 2195 4354 ἀμύνεσθαι
2222 4290 2601 4356 συνεθιζόμενοι“

450 4373 711 4436 πολεμικοὶ
745 4371 1005 4423 νένωνται.
