3131 5037
545 552 608 604 73
1356 544 1459 597 DE
1500 542 1883 594 LYCURGO

550 697 791 771 verbis
840 692 1122 764 Βουλαίου
1148 718 1249 759 και
1270 689 1594 779 Βουλαίας,
1642 690 2144 762 correctionem
2180 712 2313 783 ego
2343 696 2691 784 antepono

548 845 785 918 quam,
846 843 886 893 a
939 821 1228 914 Bryano
1289 816 1788 909 excogitatam,
1845 814 2202 889 Gilbertus
2259 814 2564 906 admisit,
2621 824 2694 887 et

548 950 827 1020 rhetroe
856 946 953 1018 ita
981 945 1208 1040 prima
1244 941 1476 1014 scribo
1507 940 1848 1013 vocabula
1887 960 1902 1015 :

960 1088 1101 1166 Διὸς
1130 1086 1436 1158 Ἑλλανίου
1465 1086 1568 1154 καὶ
1596 1085 1862 1163 Ἀθανᾶς
1880 1083 2229 1162 Ἑλλανίας.
2249 1141 2264 1156 .
2283 1142 2299 1157 .

658 1258 738 1331 In
803 1253 1160 1328 codicibus
1217 1254 1403 1325 enim
1454 1280 1491 1319 υ
1530 1275 1688 1323 cum
1743 1277 1770 1316 ε
1810 1249 2137 1321 facillime
2203 1247 2679 1342 confunditur,
2750 1231 2757 1236 ’
2800 1245 2808 1254 ’

553 1386 910 1480 multaque
953 1383 1263 1477 exempla
1291 1380 1551 1453 veteris
1589 1376 1832 1450 formae
1882 1373 2204 1470 proferre
2252 1374 2460 1448 liceat
2517 1375 2699 1444 σελλα

552 1536 678 1607 pro
703 1507 867 1600 ἓλλοὶ,
899 1505 1104 1578 Σελλοῖ
1132 1532 1258 1603 pro
1277 1502 1482 1581 Ἑλλοῖ
1500 1505 1520 1545 ¹
1536 1561 1551 1576 .
1582 1568 1587 1572 .

648 1636 879 1709 Textu
907 1635 1128 1728 igitur
1151 1634 1252 1706 ita
1277 1642 1559 1722 statut0,
1588 1631 1754 1728 quid
1786 1630 2134 1702 sententia
2159 1653 2453 1727 quaeque
2475 1630 2696 1723 signi-

551 1762 737 1853 ficet,
787 1760 1084 1833 ulterius
1133 1759 1570 1846 videbimus3
1615 1780 1802 1829 nunc
1829 1751 2060 1829 variae'
2109 1758 2493 1851 pensandae
2524 1750 2699 1827 'sunt

554 1889 858 1960 rationes
907 1908 1079 1983 quas
1118 1885 1364 1974 critici,
1417 1883 1855 1979 maximeque
1911 1881 2218 1954 omnium
2280 1882 2689 1970 TrieberuS,

554 2011 964 2103 attulerunt,
1008 2018 1088 2082 ut
1134 2008 1417 2105 majoris
1461 2009 1653 2082 illius
1688 2009 1968 2081 rhetroe
2008 2007 2499 2081 auctoritatem
2536 2004 2697 2078 infi-

556 2141 926 2212 tiarentur.

651 2264 781 2337 Ille
810 2263 1024 2351 enim,
1044 2262 1268 2358 primo
1289 2260 1480 2332 illius
1507 2261 1672 2332 libri
1693 2262 1945 2356 capite,
1972 2261 2089 2332 ubi
2113 2260 2452 2333 laconicae
2473 2281 2591 2332 res
2623 2260 2700 2330 in

557 2390 1102 2487 disquisitionem
1124 2395 1463 2460 vocantur
1481 2384 1535 2478 ²,
1562 2387 1932 2460 militarem
1954 2387 2468 2482 Spartanorum
2498 2411 2699 2459 scru-

559 2527 746 2590 tatus
780 2513 1368 2605 constitutionem,
1420 2538 1632 2609 quum
1679 2512 1968 2608 syssitia
2004 2537 2089 2585 ex
2139 2512 2699 2609 uniuscujusque

559 2644 1019 2739 cooptatione,
1075 2664 1214 2712 non
1261 2649 1504 2717 autem
1533 2663 1573 2712 e
1614 2640 1973 2731 tribubm,
2032 2639 2176 2711 obis
2216 2640 2326 2712 vel
2355 2640 2695 2734 ¹qentibus

561 2762 1279 2853 haberiostendisset,
1322 2765 1587 2837 nullam
1626 2766 1957 2837 tribubus
1996 2765 2111 2837 vel
2140 2765 2284 2837 obis
2325 2766 2411 2837 de
2442 2765 2697 2862 quibus

560 2894 634 2965 in
676 2894 948 2965 rhetra'
985 2891 1220 2985 agitur
1266 2889 1852 2984 significationem
1891 2891 2123 2961 inesse
2169 2890 2360 2979 dicit,
2406 2899 2475 2962 et
2517 2892 2698 2962 hanc

564 3021 859 3115 primam
893 3017 1092 3089 affert
1140 3016 1423 3087 causam
1476 3039 1602 3087 cur
1649 3016 1956 3109 major-is
2011 3016 2286 3087 rhetroe
2316 3016 2697 3087 auctoritas

564 3153 887 3237 negetur.
949 3141 1173 3226 Quam
1247 3139 1516 3212 minimi
1578 3141 1666 3212 sit
1704 3139 1882 3211 illud
1950 3150 2476 3233 argumentum,
2549 3149 2698 3212 tum

566 3268 980 3357 videbimUS,
1008 3289 1247 3362 quum,
1286 3265 1739 3361 sequentibus
1768 3266 2137 3360 capitibuS,
2165 3266 2251 3337 de
2286 3265 2471 3336 civili
2499 3263 2700 3336 mili-

567 3395 839 3489 tarique
878 3390 1397 3487 Lacedaemonis
1426 3392 1913 3463 constitutione
1944 3401 2221 3485 agetur.
2256 3389 2702 3462 —Alterum

568 3528 796 3592 autem
817 3516 986 3588 illud
1017 3517 1492 3588 examinemus
1514 3526 2034 3610 argumentum,
2065 3540 2200 3612 quo
2222 3539 2417 3588 suam
2449 3538 2702 3604 rursus

569 3643 967 3737 opinionem
987 3638 1365 3711 Trieberus
1395 3637 1643 3712 fulcire
1671 3648 2006 3712 conatur:
2046 3640 2483 3713 considerata
2516 3641 2704 3711 enim

570 3765 891 3839 additicia
929 3763 1052 3836 illa
1087 3764 1375 3854 rhetra,
1416 3787 1572 3858 quae
1601 3764 1816 3856 vulgo
1864 3764 2311 3859 Theopompo
2342 3764 2699 3854 tribuitur,

464 3904 474 3913 ·
572 3913 707 3986 qua
736 3889 1047 3962 ecolesiae
1078 3889 1241 3983 jura
1283 3888 1379 3961 ita
1416 3889 1492 3959 in
1527 3899 1903 3982 angustum
1932 3889 2225 3961 deducta
2264 3911 2419 3962 esse
2448 3889 2708 3960 viden-

633 4107 652 4141 1
682 4104 1193 4232 gmsswnus'tudien
1208 4103 1841 4168 zuraltspartemischen
1865 4104 2203 4157 aeschichte.
2218 4106 2535 4172 Goettingen,
2559 4107 2703 4168 1872,

570 4200 621 4249 p.
653 4185 676 4233 1
748 4220 762 4234 .

630 4264 950 4397 {ffuminum
973 4264 1370 4327 Forschunqen
1393 4278 1507 4314 zur
1534 4265 1965 4329 spartanischen
1996 4265 2702 4337 Verfassunysyesohichte.

570 4346 673 4399 Ber
695 4344 766 4410 in,
834 4345 942 4399 871.
