3131 5037
1166 605 1438 657 CAPUT
1480 606 1813 657 SEXTUM
2504 603 2561 653 71

417 740 1011 828 constitutionem,
1040 762 1246 833 quani
1283 751 1353 809 ut
1382 739 1465 809 iis
1489 747 1757 809 tantum
1787 735 2120 806 institutis
2159 742 2562 827 regeretur,-

420 889 579 962 quae
614 866 688 937 in
729 864 999 936 rhetris
1033 863 1455 936 invenimus
1504 860 2024 935 Consideratior
2078 858 2250 931 mihi
2284 856 2566 930 videtur

420 992 506 1084 Ο.
544 990 955 1077 Miillerus¹,
1000 990 1117 1084 qui
1147 990 1332 1062 hunc
1367 988 1645 1085 quidem
1672 1010 2042 1059 numerum
2081 995 2348 1057 certum
2385 1001 2566 1080 quo-⁴
2626 1001 2665 1066 ·,

419 1117 787 1188 dammodo
852 1124 920 1187 et
975 1115 1335 1187 definitum
1369 1111 1553 1186 'esse
1620 1112 2004 1201 contendit,
2091 1111 2214 1183 sed
2285 1110 2569 1182 silentio

420 1241 738 1336 praeterit
811 1250 1044 1312 utrum
1118 1240 1254 1311 alia
1339 1251 1559 1312 necne
1623 1239 1696 1309 in
1766 1236 2126 1332 republica
2171 1231 2610 1308 instituerit«

421 1358 815 1461 Lycurgus.
1519 1377 1520 1380 ’

515 1490 777 1562 Nostra
824 1453 1218 1562 autemnon
1254 1489 1453 1584 prius
1510 1490 1978 1584 expromenda
2037 1500 2143 1562 est
2217 1490 2569 1561 sententia

422 1636 629 1708 quam
677 1637 719 1685 a
756 1614 1216 1709 Kopstadt02
1260 1615 1552 1710 aliisque
1618 1613 1865 1690 allatas
1925 1613 2568 1687 examinaverimus

423 1740 754 1829 rationeS,
815 1740 931 1837 qui
970 1742 1404 1813 rhem-arcam
1439 1741 1927 1816 auctoritatem
1961 1740 2260 1812 multum
2297 1763 2378 1811 eo
2417 1739 2569 1811 ele-

317 1938 337 1960 ‚
422 1864 578 1936 vari
602 1866 1058 1955 contendunt,
1096 1865 1281 1961 quod
1307 1867 1505 1938 nullo
1546 1868 1752 1939 modo
1797 1860 1955 1940 cum
1987 1868 2328 1963 lycurgea
2363 1874 2571 1937 aetate

424 2013 818 2083 congruere
840 1990 1231 2062 videantur.

451 2095 458 2187 ,¹
522 2115 699 2187 Mihi
729 2127 975 2189 contra
1005 2118 1372 2189 ostendere
1407 2120 1480 2191 in
1515 2119 1749 2191 animo
1785 2131 1888 2192 est
1924 2118 2197 2191 rhetris
2227 2116 2571 2189 nonnulla
2630 2157 2635 2160 ,

424 2242 725 2335 vestigia
743 2243 1000 2334 inesse,
1030 2267 1185 2341 quae
1215 2251 1490 2340 tempus
1511 2244 1688 2316 illud
1720 2245 2048 2339 prodant,
2071 2243 2193 2314 ubi
2221 2266 2344 2338 per
2377 2243 2574 2315 Grae·

425 2366 627 2457 ciam,
689 2367 777 2438 ad
838 2368 1301 2463 subigendam
1367 2370 1959 2464 Peloponnesum,
2025 2369 2158 2440 iter
2221 2341 2629 2439 faciebant'

425 2492 833 2585 Dorienses,
882 2494 1139 2567 nedum
1178 2494 1554 2591 quidquam
1593 2494 2001 2569 abalienum
2054 2493 2139 2567 ab
2188 2512 2268 2566 eo
2320 2492 2573 2564 saeculo

427 2617 539 2708 sit,
583 2617 765 2711 quod
800 2630 1131 2714 Spartano
1166 2621 1555 2716 legislatori
1594 2623 2074 2717 assignamus,
2518 2629 2520 2633 ’

522 2743 685 2816 Non
754 2745 1071 2840 equidem
1138 2746 1533 2818 criticorum
1599 2748 2136 2842 disceptationes
2184 2746 2436 2841 ignoro
2487 2743 2576 2816 de

428 2868 558 2939 hac
584 2870 866 2958 rhetra,
890 2895 1024 2967 qua
1044 2896 1135 2942 ne
1166 2872 1530 2967 Spartani
1548 2873 1843 2968 scriptis
1876 2873 2153 2966 legibus
2185 2879 2576 2942 uterentur

427 3002 704 3066 cautum
761 3019 913 3069 esse
962 2996 1251 3089 dicitur3
1316 3022 1522 3092 quum
1580 3006 1648 3068 et
1707 2998 1852 3087 alii,
1899 3007 2048 3068 tum
2089 2997 2330 3068 doctus
2369 2996 2575 3066 homo

429 3120 735 3214 quidam,
771 3123 981 3194 Peter
1006 3120 1033 3164 3
1068 3124 1376 3212 nomine,
1402 3147 1551 3195 rem
1589 3145 1845 3196 sanare
1887 3121 2108 3194 voluit
2141 3119 2374 3192 omnia
2424 3118 2577 3190 fere

428 3223 501 3315 in
519 3246 701 3339 legis
730 3256 925 3321 textu
946 3250 1303 3338 mutando,
1322 3258 1390 3320 et
1412 3249 1484 3319 in
1504 3248 1655 3319 loco
1680 3246 2004 3319 vocabuli
2027 3245 2340 3340 ἀγράφοις,
2363 3265 2576 3314 voca-

429 3369 674 3442 bulum
726 3371 1035 3470 kyypoiqoeg
1097 3376 1437 3468 ponendo.
1497 3375 1703 3445 Hanc
1760 3383 1996 3445 tamen
2040 3369 2576 3442 audacissimam

433 3498 887 3569 mutationem
933 3523 1020 3570 ne
1071 3501 1453 3572 remedium
1496 3498 1781 3594 quidem‘
1813 3498 2076 3570 afferre
2130 3491 2574 3566 manifestum

432 3631 566 3713 est,
603 3646 813 3717 quum
854 3623 1036 3695 illud
1083 3626 1479 3719 praesertim
1529 3647 1569 3695 a
1610 3623 1876 3695 'criticis
1923 3630 2249 3714 negetur,
2312 3616 2577 3688 scilicet

431 3745 519 3818 de
561 3749 840 3842 scriptis
888 3749 1164 3843 legibus
1221 3750 1338 3842 agi
1380 3772 1608 3844 posse,
1647 3757 1960 3841 tempore
2010 3768 2172 3840 qu0,
2229 3752 2305 3814 ut
2349 3741 2573 3831 aiunt,

431 3896 548 3945 ars
610 3875 959 3948 scribendi
1029 3878 1235 3971 plane
1296 3877 1772 3970 ignoraretur.
1849 3873 2118 3968 Itaque,
2193 3863 2576 3940 Nitzschii'*

499 4089 516 4121 ¹
554 4086 934 4145 O.Mu131.1.ssn,
972 4086 1077 4136 Die
1111 4086 1336 4146 Dor-ier,
1373 4088 1413 4144 1,
1448 4085 1558 4164 134-
1564 4084 1673 4134 135.

495 4174 518 4210 2
551 4164 863 4225 Kovsnm,
923 4166 1019 4228 Op.
1045 4168 1159 4225 cit„
1192 4180 1242 4229 p.
1281 4165 1360 4216 25.
1551 4184 1554 4187 “

496 4244 520 4281 ³
556 4245 756 4306 Psi-En,
800 4246 917 4296 Der
953 4245 1278 4296 histovische
1334 4245 1527 4295 PVerth
1567 4259 1677 4293 von
1730 4241 2046 4293 Plutarchs
2085 4236 2434 4302 Bioyraphie
2478 4239 2574 4286 des

435 4325 693 4390 Lykury,
733 4325 785 4375 in
817 4326 1179 4378 Rheinisches
1209 4328 1490 4386 Museum‚
1525 4326 1591 4375 Ν.
1617 4325 1676 4374 F.
1702 4328 1722 4371 t
1768 4322 1934 4382 xxn,
1966 4317 2132 4386 p.65‚
2171 4318 2310 4369 1867.

496 4405 521 4442 ⁴
554 4407 849 4468 Niwrzscnr.
873 4407 1025 4459 Hist.
1055 4407 1320 4465 Homer,
1357 4423 1408 4472 p.
1441 4406 1522 4456 63.
