3131 5037
587 606 649 655 40
1387 604 1487 655 DE
1529 604 1909 657 LYCURGO

585 735 851 829 busque
898 732 1084 804 illius
1119 713 1253 802 aevi
1303 733 1510 806 rebus
1570 735 2152 825 attribuebantur,
2217 737 2587 824 Timaeum,
2630 736 2718 807 ob

584 859 830 956 patri-ce
887 883 1221 946 amorem,
1258 862 1783 934 accuratissime
1822 864 2195 936 constituta
2251 872 2563 957 tempora
2626 834 2753 935 ad)

582 1010 763 1059 nova
792 986 912 1058 illa
943 996 1329 1073 commenta
1372 990 1891 1061 accommodare
1922 990 2249 1083 potuisse.

683 1112 1007 1182 Veterem
1028 1107 1348 1205 equidem
1385 1110 1908 1205 chronologiam
1967 1115 2323 1208 corrigere
2359 1140 2497 1187 non
2545 1116 2714 1186 mihi

580 1248 852 1310 tantum
889 1260 1084 1307 sumo
1114 1246 1188 1308 ut
1219 1236 1623 1331 suscipiam3
1654 1237 1829 1309 illud
1854 1242 2055 1311 modo
2079 1242 2519 1335 concedatur,
2549 1216 2721 1314 soli--

578 1363 745 1435 dum
774 1362 925 1435 fere
981 1361 1184 1450 nihil,
1231 1385 1271 1434 a
1303 1362 1661 1434 veteribus
1691 1366 2115 1456 auctoribuS,
2178 1366 2266 1437 de
2323 1375 2703 1461 temporum

577 1513 730 1585 quae
789 1489 1086 1584 primam
1152 1487 1575 1560 antecedunt
1648 1490 2133 1584 Olympiadem
2196 1492 2707 1586 computatione

578 1615 880 1689 narrari.
926 1615 1095 1697 Quae
1149 1638 1358 1709 quum
1403 1614 1497 1684 ita
1548 1614 1708 1704 sint,
1751 1638 1890 1686 non
1939 1616 2194 1687 mirum
2243 1617 2329 1689 de
2376 1616 2705 1711 Lycurgo

576 1764 848 1839 quoque
912 1750 1053 1812 tam
1113 1739 1388 1811 diversa
1421 1739 1627 1826 tradi,
1665 1763 1795 1811 nec
1848 1739 2027 1812 illud
2065 1741 2154 1812 ab
2197 1743 2282 1813 iis
2312 1765 2702 1837 argumen-

573 1874 715 1937 tum
757 1865 997 1938 afferri
1038 1874 1289 1959 potest,
1327 1866 1443 1959 qui
1480 1864 1749 1936 nullum
1787 1867 1981 1938 aiunt
2011 1866 2228 1940 fuisse
2267 1869 2697 1962 Lycurgum.

665 1991 889 2062 Multo
941 2000 1173 2061 autem
1239 1990 1530 2083 gravius
1620 1989 1885 2085 aliquid
1961 2014 1999 2062 e
2062 1995 2390 2093 praesenti
2474 1993 2701 2065 studio

571 2116 1010 2210 colligemuS,
1056 2113 1347 2205 scilicet,
1383 2115 1692 2187 confusis
1728 2115 1825 2185 ita
1866 2115 2220 2207 omnibus,
2257 2127 2325 2190 et
2346 2119 2578 2212 potius
2618 2140 2701 2189 ex

569 2241 766 2313 uberi
795 2239 1387 2334 logographorum
1423 2240 1738 2333 ingeniO,
1789 2263 1990 2334 quam
2024 2265 2111 2311 ex
2158 2250 2418 2314 attenta
2460 2266 2699 2315 rerum

565 2366 1052 2438 observatione
1108 2365 1369 2453 ductiS,
1433 2390 1572 2436 non
1644 2367 1923 2437 omnino
1988 2368 2374 2460 constringi
2441 2392 2699 2440 recen--

565 2492 813 2564 tiorem
869 2491 1188 2563 criticum
1242 2500 1637 2586 temporum
1690 2491 2166 2578 notationibus
2228 2513 2270 2562 a
2340 2492 2696 2566 veteribus

563 2617 960 2688 auctoribus
985 2616 1241 2704 allatiS‚
1271 2614 1393 2686 sed
1416 2617 1786 2710 quamdam
1807 2615 1910 2687 illi
1934 2641 2170 2689 earum
2201 2618 2695 2690 mutandarum

560 2743 956 2814 libertatern
994 2742 1519 2812 condonandam
1558 2764 1736 2832 esse,
1786 2743 1987 2814 modo
2017 2742 2257 2814 solidis
2296 2743 2692 2837 opinionem

561 2891 754 2939 suam
833 2865 1268 2960 argumentis
1345 2863 1591 2935 fulcire
1658 2867 1892 2958 possit.
1956 2871 2037 2940 In
2097 2866 2412 2965 sequenti
2468 2867 2693 2961 capite

559 2992 800 3063 videre
855 2990 1136 3063 dabitur
1186 3014 1392 3086 quem
1454 2981 1755 3061 fructum
1795 3015 1880 3063 ex
1920 2992 2050 3065 hac
2099 3019 2429 3068 concessa
2486 2998 2693 3070 venia

556 3114 950 3208 percepturi
979 3114 1217 3184 simus.
