3131 5037
1185 621 1451 674 CAPUT
1493 620 1866 679 QUINTUM
2541 621 2603 673 67

463 754 709 823 cuncta
745 749 1684 847 Lacedaemone‚·Lycurgeo
1733 757 2070 844 tempore,
2115 750 2593 836 turbarentur,
2663 743 2668 748 ⁴

462 874 962 968 illas'pr'aeterii
994 900 1149 971 quae
1189 900 1272 947 ex
1323 875 1552 947 indole
1591 875 2013 975 ingenioque
2052 875 2601 970 uniuscujusque

465 999 655 1092 regis
702 1001 1170 1073 nascebantur
1209 1028 1223 1072 :
1263 1007 1468 1097 quam
1532 1010 1767 1073 tamen
1820 1000 1989 1071 illud
2035 1000 2124 1071 ad
2178 999 2600 1071 miscendam

461 1124 964 1220 rempublicam
985 1127 1301 1199 conferre
1329 1127 1658 1222 potuerit,
1681 1134 1767 1198 ex
1785 1150 1866 1198 eo
1899 1127 2197 1199 vidimus
2223 1126 2405 1221 quod
2435 1126 2607 1200 dicit

461 1250 870 1323 Aristoteles
892 1249 944 1339 ¹,
981 1274 1022 1323 a
1051 1251 1378 1346 Lycurgo
1410 1251 1712 1322 Charilai
1753 1251 2194 1345 tyrannidem
2233 1250 2303 1320 in
2345 1250 2603 1323 aristo-

460 1375 782 1447 cratiam
869 1386 1205 1450 mutatam
1271 1375 1509 1450 fuisse.
1583 1378 1930 1449 Eumdem
2008 1400 2250 1469 regem
2330 1378 2602 1450 incusat

460 1504 870 1578 Heraclides
907 1501 1277 1575 Ponticus2
1318 1502 1503 1598 quod
1543 1504 1871 1597 Spartam
1924 1508 2276 1597 τυραννικῶς
2306 1506 2605 1598 Γοςθτίῐ.

458 1631 569 1703 Ab
597 1629 739 1701 illis
768 1623 1197 1715 auctoribus,
1245 1629 1427 1725 quod
1472 1629 1561 1700 ad
1606 1629 2007 1702 Charilaum
2046 1630 2313 1714 attinet,
2368 1628 2602 1700 differt

457 1754 903 1843 PlutarchuS,
942 1754 1065 1826 sed
1095 1754 1581 1850 Eurypontem
1604 1752 1864 1849 prodit,
1901 1754 2019 1849 qui
2060 1777 2281 1841 quum
2311 1753 2600 1846 regiam

448 1892 885 1980 potestatem
936 1882 1337 1975 mitigasset
1380 1891 1450 1953 ct
1501 1879 1993 1952 remissiorem
2031 1880 2431 1977 effecisset,
2456 1903 2604 1976 po-

448 2011 714 2103 pulum
768 2008 876 2079 ita
935 2007 1255 2100 ferocire
1297 2005 1571 2094 docuit,
1627 2015 1714 2077 ut
1758 2006 2205 2100 posteriores
2258 2028 2467 2097 reyes
2524 2004 2602 2074 in

456 2133 704 2204 odium
752 2132 1214 2203 subditorum
1262 2132 1760 2217 incurrerent,
1792 2129 1910 2200 vel
1955 2154 2240 2201 omnem
2281 2129 2605 2201 auctori-

455 2266 681 2329 tatem
708 2258 1151 2329 amitterent.
1183 2256 1337 2347 Ita,
1361 2256 1612 2351 inquit,
1643 2254 1774 2327 diii
1802 2256 2095 2349 Spartoe
2125 2264 2383 2326 eontra
2415 2256 2606 2348 leyes

454 2392 525 2454 et
584 2382 918 2453 ordinem
963 2382 1330 2476 pleraque
1369 2391 1538 2454 acta
1589 2390 1759 2453 sunt
1808 2410 1830 2453 .·
1878 2379 1958 2451 in
2015 2402 2104 2450 ea
2151 2379 2609 2476 conflatione,⁵

459 2506 798 2603 Lycurgi
886 2515 1114 2601 pater
1142 2561 1158 2594 ,
1264 2530 1491 2600 quum
1589 2505 2117 2577 contentionem
2206 2506 2605 2594 quamdam

456 2634 866 2722 dirimeret,
922 2633 1160 2705 cultro
1208 2631 1395 2702 lanii
1430 2632 1649 2721 ictus,
1685 2631 1937 2703 relicto
1966 2631 2238 2722 majori
2274 2654 2400 2701 suo
2445 2630 2603 2725 silio

460 2758 887 2851 Polydectae
923 2761 1175 2850 reyno,
1210 2766 1540 2827 mortuus
1584 2756 1756 2828 est3.

551 2882 658 2954 Ex
697 2882 804 2953 his
851 2882 1093 2953 videre
1147 2881 1309 2972 licet
1356 2882 1612 2975 quibus
1667 2881 2032 2978 Lycurgus
2078 2881 2602 2954 condicionibus

455 3007 649 3100 leges
688 3006 1065 3100 Spartanis
1112 3005 1407 3077 dederit.
1461 3005 1836 3099 Multiplex
1869 3008 1932 3076 ei
1982 3006 2339 3101 negotium
2387 3014 2536 3077 erat
2580 3029 2595 3075 ε

457 3139 532 3201 ut
597 3129 879 3202 diversa
960 3130 1213 3226 quibus
1276 3129 1817 3202 lacedaemonius
1892 3134 2247 3204 constabat
2312 3129 2603 3226 populus

456 3254 793 3327 elementa
829 3255 1011 3327 inter
1048 3280 1123 3327 se
1154 3257 1586 3344 conciliaret,
1615 3263 1687 3327 ut
1717 3247 2595 3350 Doriensium‘expostula—

458 3378 756 3451 tionibus
786 3377 1253 3487 satisfaceret,
1285 3406 1630 3476 suumque
1660 3383 1908 3477 cuique
1947 3382 2271 3454 redderet
2302 3408 2315 3452 :
2345 3404 2601 3477 quam-

522 3600 539 3634 ¹
575 3600 827 3646 Anisa-or.
866 3597 1059 3660 Polit„
1092 3598 1232 3658 VIII,
1273 3597 1320 3656 1,
1366 3600 1413 3649 3.

518 3676 541 3713 ²
577 3678 925 3726 Hmucmons
952 3677 1244 3738 PomucUS,
1259 3679 1319 3728 fr.
1348 3679 1396 3739 3,
1423 3695 1503 3743 ap.
1529 3680 1587 3730 G.
1613 3679 1978 3730 MussLLnauu.
2012 3682 2238 3743 Fraym.
2257 3679 2394 3729 hist
2411 3693 2599 3742 yram„

457 3758 523 3808 11.
561 3773 610 3822 p.
644 3758 758 3808 210.

518 3835 725 3886 ³Piuw.
742 3839 896 3898 Lyc„
908 3838 972 3897 11,
988 3839 1085 3887 5z..
1095 3837 1196 3891 ,ὅτι
1224 3842 1337 3890 δοκι·
1318 3845 1577 3906 εςῖπρῶτο
1589 3843 1828 3907 Εὐρυπῶν
1850 3843 1909 3892 τὸ
1935 3840 2058 3905 ἄγαν
2085 3842 2388 3904 μοναρχικὸν
2413 3835 2545 3891 ἀνεῖν
2551 3859 2601 3891 αι

456 3906 542 3978 τῆς
565 3918 814 3982 βασιλείας
838 3919 1146 3983 δημαγωγῶν
1167 3921 1286 3969 καὶ
1272 3920 1510 3986 χαριζόμε
1511 3939 1596 3978 νος
1613 3924 1946 3979 τοῖςπολ)οἴς.
1970 3921 2127 3972 Ἐκδὲ
2108 3928 2222 3982 ετῆς
2242 3921 2472 3982 τοιαύτης
2493 3915 2600 3971 ἆνέ-

456 4014 594 4054 σεως,
621 4004 709 4047 τοῦ
736 3999 821 4060 μὲν
850 3996 1008 4061 δήμου
1031 4002 1420 4063 θρασυνομένου,
1444 4009 1540 4050 τῶν
1575 3999 1650 4051 δ’”
1621 4020 1834 4067 υστερον
1859 4003 2102 4067 βασιλέων
2134 4004 2196 4050 τὰ
2225 4000 2307 4064 μὲν
2335 4003 2427 4051 ἀπ
2408 4005 2600 4065 χθανο-

454 4076 607 4139 μένων
640 4081 709 4141 τῷ
740 4077 986 4142 βιάζεσθαι
1013 4079 1127 4136 τοὺς
1158 4080 1385 4138 πολὶοὺς,
1418 4079 1479 4130 τὰ
1519 4081 1573 4131 δὲ
1598 4083 1719 4148 πρὸς
1743 4081 1886 4148 χάριν
1910 4084 1940 4142 ἢ
1975 4084 2034 4132 δι’
2069 4076 2318 4132 ἀσθένειαν
2350 4085 2595 4147 ὑποφερου

453 4158 630 4220 μένων.
671 4152 856 4221 ἀνομία
894 4161 980 4209 καὶ
1026 4161 1201 4219 ἀταξία
1240 4161 1460 4226 κατέσχε
1501 4165 1588 4222 τὴν
1622 4162 1850 4229 Σπάρτην
1887 4157 1969 4214 ἐπὶ
2009 4163 2160 4212 πο)ὺν
2195 4162 2393 4228 χρόνον·
2433 4163 2508 4226 ὑφ’
2528 4162 2598 4226 ἧς

453 4239 537 4287 καὶ
560 4256 643 4287 τον
672 4238 864 4304 πατέρα
886 4246 972 4289 τοῦ
1003 4241 1296 4306 Λυκούργου
1329 4242 1652 4307 βασιλεύοντα
1682 4261 1798 4293 συνε
1783 4243 1862 4306 ’6η
1892 4246 2198 4304 τελευτῆσαι.
2231 4243 2471 4309 Διερύκων
2502 4241 2595 4307 γὰρ

450 4318 730 4381 ἁψιμαχίαν
778 4317 887 4368 τινὰ
935 4325 1198 4394 μαγειρικῇ
1247 4323 1415 4372 κοπίδι
1470 4324 1669 4387 πληγεὶς
1722 4324 1932 4374 ἀπέθανε
1979 4327 2047 4390 τῷ
2100 4323 2417 4390 πρεσὸυτέρῳ
2456 4325 2598 4374 παιδὶ

455 4397 742 4462 Πολυδέκτῃ
777 4399 1063 4450 καταλιπὼν
1108 4399 1194 4463 τὴν
1232 4404 1506 4466 βασιλείαν.
