3131 5037
1205 574 1476 625 CAPUT
1533 573 1860 624 PRIMUM
2552 577 2583 626 5

446 700 867 774 Plutarchus
917 703 1316 773 cautissime
1364 712 1632 773 tantum
1690 701 2027 794 accipere,
2088 701 2389 796 nullique
2434 701 2583 774 fere

445 827 547 898 rei
599 804 686 898 ab
742 850 823 898 eo
879 835 1307 914 memoratae,
1372 826 1582 898 fidem
1643 826 2001 913 adhibere,
2080 820 2217 896 nisi
2266 850 2380 898 res
2449 826 2582 898 alio

445 954 740 1025 certiore
778 953 1166 1025 testimonio
1212 952 1706 1025 confirmetur
1689 957 1715 1007 2
2011 933 2018 940 ⁰

540 1079 690 1150 Nec
716 1077 933 1149 multo
955 1078 1244 1172 majoris
1274 1077 1665 1150 aestimandi
1690 1088 1851 1148 sunt
1881 1077 2156 1172 septimi
2189 1078 2439 1149 decimi
2467 1078 2581 1150 vel

427 1205 671 1276 ‘octavi
710 1204 959 1275 decimi
983 1196 1230 1276 saeculi
1265 1203 1718 1275 historiarum
1741 1201 2140 1297 scriptoreS,
2179 1205 2322 1299 qui,
2369 1226 2581 1298 quum

446 1331 618 1402 nihil
663 1331 798 1402 uisi
847 1331 1207 1425 sapientiae
1253 1330 1564 1425 exempla
1608 1329 1790 1425 apud
1833 1338 2110 1402 veteres
2149 1340 2577 1424 quaererent,

445 1479 601 1550 quae
636 1457 1015 1552 aequalibus
1064 1458 1210 1527 suis
1250 1455 1588 1527 imitanda
1617 1477 2009 1549 proponere
2055 1463 2364 1549 possent,
2413 1457 2582 1551 quid

446 1582 595 1653 veri
624 1589 834 1673 esset,
876 1581 1043 1676 quid
1095 1605 1236 1652 non
1267 1580 1650 1675 dijudicare
1689 1602 1936 1675 parum
1966 1579 2331 1671 curabant,
2375 1580 2471 1652 ita
2507 1590 2582 1652 ut

444 1707 676 1780 omnia
706 1708 1049 1802 praeclare
1076 1717 1226 1780 acta
1259 1716 1375 1778 aut
1408 1707 1618 1795 dicta,
1666 1729 1821 1801 quae
1856 1707 1940 1778 de
1970 1706 2301 1802 Lycurgo
2342 1707 2597 1779 nostro

444 1832 666 1905 relata
695 1843 881 1922 sunt,
917 1855 1115 1928 aeque
1164 1832 1584 1927 exciperent,
1632 1830 1884 1903 nedum
1920 1840 2282 1904 vocaretur
2308 1833 2459 1927 ipse
2505 1833 2579 1904 in

445 1957 760 2030 dubium.
806 1961 1042 2044 Quare
1073 1981 1315 2053 parum
1351 1959 1550 2030 nobis
1581 1959 2005 2031 credendum
2043 1968 2147 2030 est
2179 1958 2453 2052 optimo
2482 1958 2583 2028 1111

441 2085 619 2174 vir0,
679 2085 872 2178 cujus
929 2107 1184 2155 nomen
1234 2107 1735 2184 nuuc-quoque
1793 2084 2117 2155 omnibus
2166 2084 2582 2156 reverentiae

445 2220 576 2300 est,
619 2210 974 2282 Rollinum
1018 2209 1197 2299 dico,
1244 2209 1358 2304 qui
1395 2209 1674 2303 Spartae
1721 2210 2190 2303 legislatorem
2240 2210 2328 2281 ad
2364 2212 2578 2305 juve-

444 2360 611 2407 num
662 2329 1350 2428 mentes'erigendas
1388 2334 1761 2406 adhibebat
1786 2360 1805 2426 3
1851 2334 2367 2406 eruditissimus
2415 2359 2584 2408 sane

445 2469 596 2534 erat
675 2460 1250 2536 Bartholomaeus
1331 2459 1451 2533 ille
1526 2461 1639 2556 qui
1716 2460 2196 2551 Anacharseos
2262 2462 2580 2556 peregri-

443 2588 792 2676 nationem
866 2587 1244 2677 enarravit,
1298 2587 1729 2678 ingeniosam
1795 2585 1986 2658 illam
2073 2585 2373 2682 fabulam
2448 2611 2583 2682 quo

444 2711 618 2782 nihil
664 2712 890 2805 aptius
940 2721 1043 2783 est
1091 2712 1178 2783 ad
1236 2711 1765 2783 delectationem
1804 2711 2112 2782 lectoris,
2172 2711 2310 2783 Sed
2372 2736 2583 2807 quum

447 2828 656 2898 nimio
725 2834 1040 2898 veterum
1123 2850 1362 2897 amore
1426 2826 1755 2914 arderet,
1832 2850 2382 2923 persuasumque
2448 2829 2584 2899 ha—

444 2953 636 3025 beret
669 2952 769 3022 nil
814 2952 973 3023 mali
1031 2953 1104 3021 in
1159 2975 1398 3022 eorum
1436 2951 1644 3022 rebus
1677 2952 1972 3045 publicis
2002 2954 2300 3046 reperiri
2352 2978 2577 3052 posse,

443 3076 696 3149 multos
758 3077 922 3148 inde
995 3076 1274 3169 admisit
1328 3099 1645 3165 erroreS,
1695 3098 2085 3177 parumque
2148 3078 2237 3148 ad
2288 3076 2584 3154 firman—,

442 3204 601 3274 dam
667 3224 945 3273 causam
998 3209 1306 3273 nostram
1352 3202 1701 3295 pertinent
1761 3215 1843 3273 ea
1894 3226 2049 3295 quae
2086 3202 2263 3296 ipse,
2333 3214 2402 3275 et
2468 3204 2585 3299 qui

442 3327 682 3400 eadem
745 3325 1114 3420 disciplina
1190 3326 1609 3397 imbuuntur
1689 3336 2045 3414 auctoreS,
2110 3327 2195 3398 de
2258 3327 2585 3423 Lycurgo

442 3460 938 3545 exposuerunt.

537 3576 718 3647 Ecce
765 3585 993 3647 autem
1035 3576 1227 3647 venit
1274 3587 1545 3669 tempus
1601 3599 1734 3669 quo
1770 3575 2066 3647 illustris
2097 3576 2217 3647 ille
2248 3576 2578 3668 WolfiuS,

439 3699 723 3771 Iliadem
758 3701 1278 3794 Odysseamque
1309 3707 1809 3794 perscrutatuS,
1855 3724 1994 3772 non
2033 3701 2235 3772 modo
2266 3711 2586 3797 poemata

437 3826 560 3897 illa
585 3826 669 3897 ab
700 3825 1270 3920 uno-eodemque
1298 3824 1576 3897 homine
1617 3824 1801 3898 facta
1842 3824 2059 3897 fuisse
2090 3828 2415 3919 negabat,
2461 3829 2584 3900 sed

440 3951 715 4022 nullum
737 3950 1015 4023 omnino
1037 3973 1189 4023 esse
1210 3950 1593 4023 Homerum
1623 3950 2108 4025 contendebat.
2141 3954 2376 4042 Quam,
2397 3953 2583 4024 viam

441 4077 685 4167 secuti,
738 4075 936 4147 multi
993 4076 1498 4147 Germanorum
1540 4076 1930 4170 praesertim
1981 4080 2204 4150 critici
2246 4080 2585 4175 (Franco-

438 4202 602 4296 galli
663 4202 844 4273 enim
897 4201 1151 4295 saepius
1185 4198 1498 4294 παράδοξα
1529 4200 1653 4270 illa
1707 4207 2097 4295 respuunt),
2137 4205 2579 4300 Lycurgum,

440 4333 759 4399 nostrum
837 4326 910 4396 in
986 4324 1181 4397 litem
1255 4335 1684 4397 vocaverunt
1758 4325 2097 4423 illumque
2193 4353 2282 4401 ne
2361 4331 2586 4406 exsti:-
