3131 5037
1142 1845 1427 1919 CAPUT
1483 1846 1884 1920 TERTIUM

755 2130 1297 2174 OBSCURISSIMA
1335 2129 1512 2174 ESSE
1549 2130 1715 2180 QUAE
1753 2130 1840 2172 DE
1876 2130 2275 2174 PRIORIBUS

508 2218 882 2264 HISTORIAE
911 2220 1184 2263 GRAECAE
1217 2219 1695 2263 TEMPORIBUS
1734 2218 2019 2262 OMNlNo
2056 2220 2510 2271 TRADANTUR‚

583 2308 668 2350 ΕΤ
702 2308 1146 2359 PLERUMQUE
1183 2308 1449 2352 POTIUS
1486 2311 1576 2351 AB
1614 2308 2066 2358 UNOQUOQUE
2103 2308 2436 2352 AUCTORE

439 2398 727 2442 TEMERE
762 2398 1242 2450 EXCOGITATA‚
1282 2398 1481 2448 QUAM
1519 2399 1557 2441 E
1586 2398 1813 2442 CERTA
1849 2397 2104 2441 RERUM
2135 2397 2580 2442 COGNITIONE

946 2488 1275 2533 DEDUCTA
1310 2487 1574 2531 FUISSE
1614 2486 2072 2531 OSTENDITUR

480 2865 485 2870 ⁴
549 2790 899 2873 Quantum
980 2789 1051 2858 in
1115 2787 1473 2883 lycurgeis
1539 2784 1794 2857 fabulis
1885 2787 2095 2881 feraci
2167 2780 2608 2860 Graecorum*

440 2912 730 3005 ingenio
749 2912 1285 3007 impertiendum
1318 2910 1659 3006 dispicere
1682 2910 2018 2982 hactenus
2042 2913 2272 2983 conati
2303 2936 2571 3002 sumUS,

442 3046 512 3109 et
539 3059 961 3131 quanquam,
997 3033 1232 3132 priore
1271 3035 1519 3131 capite,
1557 3058 1872 3108 errorem
1902 3036 2267 3130 arguimus
2292 3037 2576 3124 illorum

440 3164 556 3258 qui
602 3161 866 3233 nullum
921 3159 1139 3233 fuisse
1191 3171 1598 3255 spartanum
1658 3160 2132 3255 legislatorem
2190 3164 2575 3235 contende-

443 3286 637 3376 bant,
683 3284 1041 3359 fatendum
1073 3297 1175 3357 est
1221 3286 1380 3357 illos
1425 3309 1564 3357 non
1619 3285 1941 3378 indignos
1988 3288 2309 3381 esse·qui
2357 3310 2571 3359 excu-

441 3420 706 3501 sentur,
772 3435 984 3507 quum
1025 3421 1164 3482 tam
1204 3410 1511 3496 diversa,
1565 3411 1727 3504 quin
1779 3410 1913 3500 imo
1956 3412 2334 3496 contraria,
2372 3401 2456 3484 de
2494 3437 2575 3484 eo

440 3536 651 3614 allata
688 3534 948 3607 fuerint
976 3535 1397 3608 testimonia.
1448 3534 1710 3621 Quare,
1762 3558 1900 3605 non
1958 3535 2204 3608 inutile
2257 3534 2576 3609 futurum

440 3684 596 3736 esse
646 3659 817 3731 mihi
850 3661 1073 3732 visum
1106 3658 1240 3731 fuit
1287 3669 1598 3753 tempora
1641 3660 1919 3731 Coroebi
1952 3661 2347 3756 olympiade
2383 3664 2576 3736 anti—

441 3787 688 3882 quiora
711 3787 1108 3882 complecti,
1137 3795 1205 3859 et
1247 3789 1650 3860 examinare
1695 3794 1934 3857 utrum
1958 3795 2347 3881 temporum
2380 3813 2579 3860 com-

438 3912 835 4018 putationes
855 3934 893 3983 a
914 3913 1124 3984 certis
1156 3911 1565 4007 quibusdam·
1587 3911 1860 3982 indiciis
1881 3910 2245 4003 ducantur,
2269 3934 2357 3983 an
2386 3914 2573 3987 nulla

440 4035 662 4112 solida
707 4034 1112 4109 fundatione
1158 4037 1565 4129 innitantur,
1636 4038 1733 4109 ita
1773 4046 1846 4107 ut
1902 4036 2115 4108 multo
2189 4038 2415 4110 minor
2475 4040 2576 4111 eis

438 4158 611 4233 fides
629 4155 1027 4237 adhibenda
1063 4161 1178 4234 sit.
1241 4162 1421 4232 Ram
1451 4184 1585 4254 ego
1614 4161 1807 4234 illam
1838 4163 2325 4254 gravissimam
2350 4162 2576 4237 habeo

326 4321 332 4327 ·
441 4292 509 4355 et
529 4308 956 4381 magnopere
974 4287 1062 4359 ad
1082 4288 1432 4381 inceptum
1456 4309 1682 4358 meum
1703 4286 2198 4380 pertinentem,
2220 4311 2353 4383 quo
2375 4312 2578 4382 spero
