3131 5037
540 545 605 595 84
1370 547 1460 597 DE
1500 544 1881 597 LYCURGO

539 673 745 745 deum
777 676 968 747 cultu
1005 677 1079 746 in
1119 701 1334 748 unuin
1371 676 1673 767 collatae,
1705 674 1863 768 γένος,
1908 674 2017 744 vcl
2063 671 2362 769 τριακάδα
2409 671 2687 745 forma-

536 798 731 884 bant,
768 799 866 871 ita
903 823 943 872 e
983 800 1295 895 pluribus
1330 788 1519 894 γῖἕνεσι
1550 800 1665 871 vel
1697 798 1972 894 τριακάσι
2005 799 2513 872 informabatur
2542 798 2686 886 α’βνί

538 926 652 998 vel
687 925 1022 1022 φρατρῖαίς
1058 949 1189 998 nec
1216 951 1358 998 nou
1402 926 1631 998 tribus
1669 925 1817 998 obis
1849 928 1960 998 vel
1983 924 2380 1022 phratrii3‚
2438 926 2683 997 eodem

539 1051 743 1122 modo
778 1051 964 1123 inter
1008 1075 1084 1123 se
1122 1053 1536 1146 conjunctis,
1577 1075 1831 1123 nomen
1858 1051 2012 1146 φυλή
2036 1049 2507 1123 tribuebatur.

635 1175 783 1246 Has
829 1175 1351 1272 antiquissimas
1388 1175 1793 1266 divisiones,
1829 1198 1999 1271 quas
2048 1174 2234 1269 apud
2274 1198 2516 1247 omnes
2546 1200 2680 1271 po-

538 1300 737 1396 pulos
764 1303 1151 1395 reperimus
1178 1302 1409 1396 quiex
1439 1302 1686 1374 eodem
1724 1302 1960 1396 stipite
2000 1300 2347 1396 originem
2378 1299 2675 1389 ducunt,

541 1450 680 1500 non
715 1451 756 1500 a
783 1429 1114 1523 Lycurgo
1143 1429 1361 1501 factas
1405 1451 1585 1515 esse,
1618 1427 1739 1499 vix
1788 1425 2018 1500 dicere
2047 1413 2220 1524 opus
2249 1436 2391 1521 est3
2445 1426 2533 1499 ab
2599 1450 2683 1499 eo

536 1567 849 1631 servatas
891 1581 1073 1642 esse,
1115 1557 1246 1629 etsi
1271 1556 1533 1628 rhetra
1568 1578 1708 1627 non
1744 1564 2082 1647 moneret,
2128 1579 2213 1628 ex
2244 1556 2374 1628 hoc
2410 1552 2681 1627 inferre

535 1680 781 1753 liceret
815 1680 998 1776 quod
1036 1702 1117 1754 ea
1155 1702 1313 1773 quae
1344 1679 1545 1775 quasi
1583 1677 1912 1751 medullae
1950 1680 2189 1775 populi
2231 1689 2424 1770 sunt,
2468 1703 2675 1752 nemo

534 1813 699 1877 ante
736 1811 1051 1876 evertere
1078 1806 1292 1899 possit
1324 1826 1531 1897 quam
1554 1787 2092 1876 vetustatissitu
2122 1826 2345 1875 erosae
2382 1800 2673 1873 fuerint.
2768 1783 2777 1794 ’

533 1929 712 2013 Quot
767 1937 997 2000 autem
1050 1928 1373 2023 Spartani
1442 1925 1628 2024 φυλάς
1685 1927 2064 2000 habuerint
2119 1928 2443 2000 multum*
2492 1928 2678 1998 inter

532 2056 812 2126 criticos
842 2054 1298 2148 disceptatum
1337 2061 1442 2125 est
1476 2079 1495 2126 z
1540 2055 1664 2149 qui
1682 2062 2111 2148 ‚spartanam
2163 2052 2674 2148 rempublicam

532 2202 800 2251 meram
857 2180 1094 2272 optimi
1153 2179 1591 2264 Doriensium
1656 2188 1878 2251 status
1953 2178 2337 2272 imaginem
2400 2176 2673 2250 referre

531 2312 730 2399 putat
763 2300 1180 2393 Miillerus2,
1211 2312 1289 2375 ut
1322 2303 1394 2373 in
1431 2303 1592 2375 aliis
1611 2303 2015 2408 civitatibus
2043 2303 2121 2374 H
2118 2303 2362 2398 ylleis,
2389 2303 2674 2390 Dyma-

532 2452 666 2501 ηας
713 2437 781 2500 et
825 2427 1279 2522 Pamphylos
1327 2428 1625 2515 viderat,
1689 2429 1786 2500 ita
1833 2428 2116 2500 easdem
2176 2429 2452 2523 Spartae
2499 2427 2675 2498 divi-

533 2555 765 2627 siones
826 2554 1174 2625 exstitisse
1230 2552 1559 2641 affirmat,
1631 2554 2084 2649 AEyidasque
2137 2553 2293 2624 illos
2317 2605 2334 2639 ‚
2412 2553 2676 2631 Thebis

531 2678 889 2770 oriundos,
949 2701 1121 2773 quos
1168 2685 1247 2749 ut
1308 2701 1636 2773 magnam
1699 2678 1973 2772 Spartae
2028 2678 2288 2749 tribum
2344 2701 2676 2772 expresse

531 2802 855 2895 designat
898 2803 1300 2875 Herodotus
1319 2802 1369 2887 3,
1403 2805 1477 2873 in
1534 2803 2130 2898 Pamphylorum
2186 2804 2341 2898 φυλῇ
2369 2804 2674 2875 insertos

531 2950 687 2999 esse
737 2926 927 2997 dicit.
977 2928 1161 2998 Huic
1201 2928 1513 3022 opinioni
1547 2927 1927 2999 assentitur
1959 2926 2422 2999 Thirlwallus
2444 2927 2498 3018 ⁴,
2555 2929 2673 3023 qui

529 3052 797 3147 priores
844 3051 1155 3143 regionis
1208 3050 1503 3140 incolaS,
1562 3059 1927 3146 postquam
1974 3052 2048 3122 in
2100 3052 2668 3123 lacedaemoniam

529 3174 1029 3269 rempublicam
1079 3176 1365 3247 admissi
1413 3177 1721 3260 fuerunt,
1777 3177 1900 3247 uni
1941 3177 2250 3248 tribuum
2303 3177 2673 3271 adjunctos

528 3324 683 3373 esse
723 3309 955 3394 putat.

626 3426 850 3510 Quam
892 3425 1106 3496 nullis
1133 3424 1308 3496 illud
1350 3425 1610 3496 nitatur
1641 3427 2079 3518 argumentis
2118 3426 2325 3521 plane
2363 3429 2670 3500 ostendit

524 3550 847 3625 Gtrotius5
881 3576 900 3622 z
934 3560 1097 3622 sunt
1126 3551 1246 3622 alii
1274 3573 1445 3622 vero
1477 3550 1726 3635 critici,
1753 3551 1873 3645 qui
1902 3553 2255 3644 yentc'lem
2283 3548 2663 3646 Spartano-

589 3841 608 3876 ¹
643 3838 776 3890 Vide
792 3838 999 3889 Fusa-nt,
1019 3853 1087 3886 ns
1108 3837 1448 3897 Concanum,
1471 3836 1535 3885 de
1567 3836 1843 3886 Phracria
1870 3836 1921 3884 in
1945 3835 2003 3885 la
2025 3836 2138 3885 Cice
2162 3836 2420 3899 antique,
2443 3835 2532 3887 liv.
2560 3837 2656 3898 ΙΙΙ,

525 3921 609 3970 ch.
633 3920 674 3978 Ι,
711 3934 760 3983 p.
795 3919 875 3978 43,
913 3934 1025 3982 sqq.

587 3999 612 4035 ²
641 4001 703 4050 O.
736 3998 1016 4057 Munna-za,
1040 3998 1147 4046 Die
1170 3996 1396 4056 Dor-ier,
1431 3996 1496 4054 11,
1531 3994 1614 4046 70.

586 4078 610 4114 3
643 4079 991 4132 Hemonortw,⁹
1020 4078 1112 4137 IV,
1152 4078 1261 4133 149,

584 4157 609 4193 ⁴
640 4158 979 4215 Tfflnmum„
1016 4158 1275 4206 Histoire
1307 4159 1399 4207 des
1430 4157 1683 4219 oriqines
1714 4158 1777 4206 de
1805 4161 1861 4207 la
1894 4160 2069 4208 Gracc
2099 4160 2399 4219 ancienne,
2436 4159 2661 4210 traduct.

524 4238 736 4287 Joanne.
763 4236 933 4295 Paris,
967 4236 1107 4295 1852,
1139 4252 1190 4300 p.
1217 4235 1331 4285 225.

582 4315 607 4351 ⁵
640 4317 845 4373 Guo'rr„
882 4317 975 4378 Op.
1013 4316 1129 4372 eit„
1163 4321 1198 4364 t.
1239 4315 1330 4374 ΙΙΙ,
1356 4331 1407 4380 p.
1442 4313 1559 4369 283.
