3131 5037
1220 537 1487 591 CAPUT
1530 538 1859 590 SEXTUM
2558 540 2622 591 73

481 641 1122 765 paulum'discedo,
1188 679 1258 740 et
1323 668 1630 740 Theram
1699 666 2014 771 suspicor
2050 689 2093 738 a
2158 667 2621 740 Doriensibus
2710 675 2715 678 ’

474 798 615 867 illis
673 796 1056 867 habitatam
1118 792 1362 876 fuisse,
1424 794 1568 887 qui,
1630 817 1669 865 e
1724 793 2020 865 Maliaco
2094 793 2252 864 sinu
2318 792 2619 865 navibus

479 920 796 1015 profecti,
843 919 1096 990 multas
1134 919 1348 990 urbes
1384 918 1458 988 in
1494 919 2000 1012 Peloponneso,
2034 918 2109 988 in
2145 920 2380 1008 Creta,
2408 930 2621 1014 atque

477 1048 549 1117 in
612 1046 860 1118 insulis
919 1045 1183 1133 Thera,
1255 1045 1377 1132 Co,
1442 1044 1845 1139 Nisyraque
1900 1043 2361 1115 condiderunt
2415 1070 2428 1115 ε
2501 1045 2621 1139 qui

480 1181 739 1271 autem,
821 1170 1067 1242 relicta
1134 1168 1379 1264 patria,
1462 1192 1606 1240 non
1676 1192 1951 1239 omnem
2022 1170 2100 1239 in
2181 1192 2334 1241 eam
2421 1168 2621 1263 abje—

477 1303 720 1367 cerunt
781 1318 1117 1379 amorem,
1205 1294 1331 1365 sed
1406 1292 1795 1385 saepissime
1860 1316 2021 1363 cum
2087 1291 2430 1366 fratribus
2493 1319 2620 1389 per

479 1421 829 1492 Graeciam
891 1420 964 1489 in
1018 1418 1592 1513 Peloponnesum
1654 1417 2237 1490 descendentibus
2303 1442 2619 1491 commu-

482 1545 926 1635 nicaverunt,
1013 1544 1246 1638 eisque
1321 1543 1568 1636 primis
1651 1565 1902 1614 novam
1989 1543 2183 1613 illam
2271 1544 2625 1615 scribendi

484 1678 731 1756 artem,
773 1692 977 1764 quam
1006 1668 1138 1763 ipsi
1169 1691 1210 1740 a
1241 1663 1692 1739 Phoenicibus
1721 1667 2019 1739 mutuati
2049 1678 2273 1761 erant,
2299 1668 2623 1763 imperti-

487 1802 763 1865 verunt.

583 1919 761 1990 Illud
779 1927 1014 1990 autem
1034 1917 1119 1988 ab
1136 1918 1266 1988 hoc
1297 1918 1450 1988 rudi
1481 1917 1913 2012 simplicique
1943 1916 2197 2012 populo
2227 1918 2624 1991 diffidenter

482 2053 845 2137 acceptum
907 2042 1122 2115 fuisse
1188 2043 1438 2114 merito
1489 2043 1640 2137 quis
1694 2043 2013 2136 conjiciat
2069 2067 2083 2112 ε
2137 2054 2392 2115 natura
2439 2045 2623 2116 euim

480 2168 689 2239 fiebat
729 2178 830 2259 ut,
863 2176 1147 2261 propter
1189 2167 1289 2239 rei
1323 2167 1729 2256 novitatem,
1766 2167 2006 2237 multis
2035 2168 2112 2238 in
2143 2169 2623 2262 ‚suspicionem

483 2293 751 2364 veniret
813 2290 1069 2364 nefarii
1108 2292 1372 2388 aliquid
1424 2293 1560 2363 arti
1593 2293 1850 2384 inesse,
1906 2316 2042 2386 qua
2085 2291 2511 2366 efficiebatur
2547 2305 2624 2366 ut

482 2417 829 2506 homineS,
871 2416 1449 2512 longinquissimo
1498 2417 1717 2511 spatio
1755 2417 2124 2506 distanteS,
2174 2418 2382 2489 celsis
2417 2443 2624 2490 mon—

488 2543 699 2634 tibus,
752 2544 1180 2614 immensove
1213 2544 1392 2614 mari
1422 2543 1600 2614 alius
1645 2542 1730 2615 ab
1760 2542 1899 2614 alio
1935 2545 2268 2637 sejuncti,
2323 2545 2506 2616 inter
2554 2568 2628 2617 se

482 2668 905 2740 confabulari
926 2691 1463 2763 sermonemque
1486 2666 1808 2739 conferre
1832 2677 2141 2760 possent.
2173 2670 2347 2740 Haec
2368 2669 2624 2763 vulgus

483 2792 810 2864 credebat
855 2814 870 2868 :
912 2793 1407 2887 prudentiores
1461 2801 1696 2894 autem
1750 2801 1948 2863 erant
1999 2794 2367 2886 optimates
2417 2817 2623 2888 quam

486 2926 563 2989 ut
590 2942 675 2990 ex
706 2919 827 2990 1113
860 2918 1301 2989 indoctorum
1331 2916 1698 2988 hominum
1746 2915 2217 2988 sollicitudine
2250 2918 2623 2990 utilitatem

479 3022 736 3138 *capere
765 3044 1192 3129 omitterent,
1236 3041 1705 3136 potentiaeque
1739 3064 1884 3112 suae
1921 3041 2097 3112 fines
2135 3040 2399 3135 imponi
2429 3043 2623 3115 sine-

488 3176 645 3240 rent
674 3177 865 3240 textu
897 3167 1075 3260 legis
1105 3164 1550 3238 immutabili.

581 3294 744 3366 Non
779 3292 871 3363 ita
908 3292 1120 3385 igitur
1154 3291 1535 3362 abhorrere
1567 3289 1744 3361 hanc
1772 3292 2117 3362 rhetram
2147 3290 2315 3361 mihi
2350 3292 2622 3365 videtur

487 3442 526 3490 a
584 3428 897 3513 tempore
962 3417 1083 3488 illo
1177 3415 1359 3512 quod
1420 3416 1749 3510 Lycurgo
1813 3415 2257 3508 assignatur3
2324 3438 2453 3487 nec
2533 3417 2622 3488 ad

489 3544 805 3616 eamdem
845 3542 1070 3613 minus
1109 3549 1422 3636 spectare
1466 3549 1744 3612 aetatem
1789 3563 1975 3612 nunc
2012 3539 2429 3632 probaturus
2466 3565 2621 3612 sum

489 3667 783 3741 alteram
815 3667 1039 3758 illam,
1072 3690 1203 3762 qua
1258 3667 1616 3761 Spartanis
1674 3664 2212 3760 praecipiebatur
2256 3674 2330 3736 ut
2380 3689 2624 3739 omnes

490 3794 743 3865 domus
793 3792 1179 3886 fastigium
1238 3791 1483 3863 securi
1523 3800 1823 3863 tantum·
1863 3788 2006 3887 (ἀπὸ
2044 3786 2384 3885 πελέκεως),
2430 3792 2629 3884 fores

485 3917 639 3987 sola
670 3940 887 3988 serra
924 3915 1068 4014 (ἀπὸ
1104 3914 1388 4012 πρίονος),
1436 3917 1638 3987 nullo
1674 3913 1822 3987 alio
1863 3914 2351 3986 instrumento
2407 3915 2627 3986 ador-

492 4051 784 4114 nar-ent.

585 4169 720 4253 Qui
768 4191 882 4239 res
912 4167 1288 4260 diligenter
1339 4167 1617 4263 quidem
1664 4176 1950 4239 enarrat
2002 4163 2444 4255 PlutarchuS,
2503 4163 2629 4237 sed

492 4293 941 4389 interpretari
985 4294 1229 4384 nescit,
1292 4292 1471 4365 hanc
1516 4291 1750 4386 legem
1799 4290 2009 4365 latam
2040 4289 2256 4363 fuisse
2308 4289 2503 4380 dicit,
2542 4297 2632 4387 *ut

2418 4430 2450 4480 6
