3131 5037
577 581 638 633 90
1233 625 1236 630 .
1384 582 1485 634 DE
1527 579 1911 638 LYCURGO

578 712 698 783 illa
752 712 976 784 Grotii
1014 714 1340 807 opinione
1408 713 1784 801 abhorreO,
1839 712 1958 806 qui
2014 713 2383 805 quamdam
2440 720 2716 805 partem

563 837 1060 931 perioecorum
1083 839 1460 909 Dorienses
1489 839 1701 909 fuisse
1723 836 1947 908 dicit3.
1971 837 2045 908 Si
2068 860 2217 914 rem
2240 836 2426 907 enim
2452 844 2717 908 attente

576 964 1044 1056 perspexeris,
1090 987 1486 1059 quanquam
1534 963 1832 1034 civitatis
1862 971 1929 1033 et
1962 962 2140 1056 aequi
2170 962 2359 1055 juris
2394 971 2716 1056 expertes

578 1096 839 1175 essent,
890 1111 1026 1157 non
1059 1087 1157 1160 ita
1190 1086 1589 1159 miseranda
1622 1098 1771 1159 erat
1810 1110 2048 1158 eorum
2086 1086 2392 1158 conditio
2427 1112 2442 1156 :
2481 1087 2717 1179 privi-

574 1209 837 1303 legium
868 1214 1054 1283 enim
1086 1212 1431 1309 quoddam
1460 1210 1818 1283 habebant
1858 1211 2408 1283 exercendarum
2451 1212 2715 1283 artium

575 1334 1110 1433 factitandaeque
1167 1347 1606 1425 mercaturae,
1660 1336 1845 1431 quod
1894 1337 2396 1408 Lacedaemone
2435 1360 2574 1407 non
2618 1338 2717 1407 ita

572 1460 795 1533 infimi
858 1463 1190 1533 momenti
1242 1461 1487 1547 fuisse,
1531 1462 1900 1558 permultis
1956 1462 2224 1534 collatis
2258 1462 2708 1549 testimoniiS,

573 1589 1248 1660 ostenditMiillerus
1265 1588 1319 1659 4.
1351 1589 1827 1676 Quamobrem
1848 1588 2353 1685 perioecorum
2374 1586 2711 1683 quosdam

573 1713 1151 1806 locupletissimos
1214 1712 1433 1784 fuisse
1499 1738 1640 1785 non
1718 1724 1823 1786 est
1903 1714 2083 1809 quod
2160 1714 2526 1800 miremur,
2596 1711 2710 1805 qui

571 1838 910 1930 dignitate
940 1840 1220 1934 quidem
1246 1840 1624 1935 spartanis
1664 1839 2040 1911 inferiores
2072 1850 2293 1925 erant,
2348 1838 2471 1908 sed
2498 1837 2713 1910 vitam

573 1965 790 2035 multo
856 1963 1227 2036 lautiorem
1284 1965 1382 2038 ita
1456 1965 1788 2059 agebant,
1856 1974 1932 2037 ut
1995 1966 2187 2036 illam
2245 1963 2716 2035 conditionem

573 2088 946 2161 nonnullos
976 2090 1427 2162 Doriensium
1466 2101 1668 2183 grato
1707 2092 1950 2162 animo
2002 2090 2483 2186 anteposuisse
2516 2088 2716 2159 veri-

573 2215 800 2286 simile
845 2224 978 2287 est.
2652 2301 2655 2306 ,

671 2341 1035 2437 Spartani
1088 2365 1436 2413 summum
1490 2342 2203 2437 quidemimperium
2261 2341 2707 2429 exercebant,

574 2466 698 2538 sed
738 2466 1081 2560 gravibus
1150 2464 1424 2561 legibus
1474 2465 1788 2539 obstricti
1839 2490 1854 2536 ε
1929 2465 2195 2538 bellicis
2265 2465 2704 2538 exercitatio-

577 2593 778 2665 nibus
821 2602 1088 2687 tempus
1129 2593 1657 2682 consumebant,
1694 2592 1926 2663 dulcia
1967 2592 2251 2664 familiae
2295 2591 2556 2686 gaudia
2593 2591 2714 2661 vix

573 2715 942 2808 praelibare
977 2722 1324 2809 poterant,
1362 2715 1446 2785 ob
1480 2737 1802 2786 severam
1835 2714 2270 2807 disciplinam
2296 2715 2712 2809 publiceque

574 2841 889 2912 caenandi
963 2840 1443 2913 necessitatem
1523 2839 1846 2909 omnibus
1934 2838 2413 2933 voluptatibus
2494 2839 2714 2909 orba-

544 2962 851 3051 bantur,
896 2962 1136 3033 labore
1205 2958 1581 3044 fructuosO,
1646 2962 2132 3059 qualicumque
2197 2969 2420 3048 esset,
2473 2959 2713 3054 prohi-

571 3088 942 3179 bebantur,
988 3111 1115 3160 nec
1156 3086 1285 3157 ulli
1345 3086 1461 3158 alii
1511 3087 1615 3156 rei
1661 3109 1831 3157 cura
1869 3087 1967 3157 eis
2019 3086 2252 3158 danda
2301 3094 2453 3156 erat
2503 3109 2712 3180 quam

572 3213 1149 3284 administrandae
1179 3210 1609 3307 reipublicae.

667 3339 819 3410 Hoc
848 3335 1155 3432 profecto
1186 3336 1470 3408 vivendi
1516 3358 1747 3429 genus
1787 3335 2021 3430 quivis
2048 3335 2228 3407 alius
2278 3335 2576 3430 populus
2630 3359 2713 3407 ac

568 3465 951 3536 Dorienses
1010 3462 1550 3556 abnegavisset3
1587 3461 1692 3530 illi
1723 3471 1979 3551 autem,
2023 3462 2137 3556 qui
2186 3484 2227 3532 a
2273 3444 2512 3531 multis
2558 3461 2711 3554 jam

569 3590 773 3661 annis
812 3588 915 3659 nil
945 3587 1140 3659 aliud
1174 3581 1380 3682 quam
1407 3562 1919 3680 pugnaverant,
1941 3586 2456 3680 militaremque
2491 3585 2710 3656 vitam

520 3784 524 3787 ,
572 3737 928 3810 nunquam
968 3736 1104 3784 non
1151 3712 1482 3806 agebant,
1520 3710 1763 3782 rudem
1803 3710 2000 3782 illam
2048 3711 2273 3784 victus
2322 3721 2710 3783 consuetu—

570 3838 804 3915 dinem
839 3838 1030 3910 haud
1066 3847 1359 3930 gravate
1389 3846 1831 3931 acceperunt.

668 3963 867 4035 Fieri.
916 3987 1194 4059 quoque
1240 3964 1460 4056 potuit
1515 3971 1592 4033 ut
1649 3963 1838 4033 inter
1875 3961 2298 4033 Achaeorum
2364 3961 2710 4055 principes
2810 4050 2815 4053 Ὗ

572 4089 893 4161 nonnulli
922 4089 997 4158 in
1030 4089 1430 4160 societatem
1464 4088 1654 4158 illam
1697 4087 2262 4172 admitterentur,
2309 4085 2419 4156 cui
2444 4086 2705 4181 Lycur·

633 4291 657 4328 ¹
693 4288 898 4349 Gumis,
930 4288 1025 4352 Op.
1063 4282 1181 4347 cit„
1216 4291 1253 4336 t.
1282 4287 1449 4351 111‚'p.
1483 4285 1606 4336 295.

632 4369 656 4405 ²
690 4370 752 4420 Ο.
780 4370 1059 4428 Musam,
1091 4368 1198 4416 Die
1216 4367 1528 4427 .Dorier„t.
1561 4365 1630 4427 11,
1664 4381 1715 4429 p.
1751 4364 1830 4413 21.
