3131 5037
1191 583 1457 636 CAPUT
1497 582 1817 666 NoNUM·
2028 627 2031 630 ,
2470 579 2564 651 ω

423 716 852 789 severiorem
887 713 1131 792 fecerit
1170 736 1378 809 quam
1422 737 1770 809 nusquam
1805 712 1983 786 alibi
2027 711 2339 785 exerceri·
2381 711 2562 784 sole,-

423 837 565 910 bat.
607 839 770 910 Non
803 839 866 910 is
896 863 1048 911 sum
1077 848 1312 941 tamen
1344 839 1460 933 qui
1496 838 1778 911 credam
1808 839 2114 910 advenas
2145 860 2186 908 a
2221 837 2561 920 Lacedae—

425 986 630 1036 mone
675 966 956 1036 omnino
996 964 1378 1060 prohiberi,
1431 987 1643 1058 quum
1696 962 1885 1057 apud
1927 972 2247 1034 auctores
2286 962 2562 1034 videam

425 1089 682 1184 multos
743 1114 1013 1180 eorum,
1066 1090 1181 1186 qui
1242 1090 1618 1184 quotannis
1651 1086 2040 1162 ‚confertim
2096 1087 2186 1160 ad
2236 1087 2564 1160 visendas

427 1213 1003 1316 Gymnopaedias
1046 1213 1581 1312 conveniebant,
1656 1236 1862 1308 quam
1917 1213 2421 1285 studiosissime
2489 1213 2563 1284 in

423 1339 682 1410 civium
708 1339 1021 1410 domibus
1049 1338 1266 1431 accipi
1287 1338 1536 1408 solere.
1572 1339 1641 1409 N
1646 1361 1734 1408 on
1763 1339 1983 1431 igitur
2005 1337 2288 1409 multum
2318 1337 2566 1410 absum

428 1465 593 1559 quin
627 1462 1036 1556 Gottlingii1
1058 1462 1424 1535 sententiae
1459 1464 1832 1550 assentiar,
1866 1463 2010 1558 qui,
2033 1486 2245 1558 quum
2273 1465 2567 1557 optimos

428 1591 807 1685 scriptores
856 1587 1199 1681 pluralem
1249 1587 1547 1682 formam
1590 1585 1941 1666 ξενηλασίας
1984 1587 2199 1681 vulgo
2235 1587 2567 1659 adhibere

425 1713 682 1801 videat,
710 1712 874 1783 inde
910 1711 1128 1783 infert
1168 1735 1308 1782 non
1342 1713 1753 1805 Lycurgum
1784 1714 2194 1804 peregrinos
2254 1713 2430 1783 urbe
2469 1712 2567 1786 uti

428 1840 710 1909 omnino
735 1838 1207 1932 prohibuisse,
1239 1838 1360 1907 sed
1391 1838 1806 1931 praescripta
1832 1838 2098 1926 tulisse,
2122 1838 2567 1932 severissima

430 1961 548 2035 illa
572 1964 881 2058 quidem,
924 1986 1082 2057 quae
1111 1962 1527 2057 impedirent
1560 1986 1644 2033 ne
1673 1961 2192 2055 frequentiores
2231 1963 2320 2035 ad
2340 1988 2569 2059 Spar-7
2678 1995 2692 2009 ·

431 2099 634 2161 tanos
696 2098 1223 2177 concurrerent,
1283 2086 1779 2183 funestumque
1825 2089 1925 2159 eis
1994 2089 2569 2183 intemperantiae

430 2214 873 2306 libidinisque
927 2213 1315 2307 exemplum
1354 2213 1782 2307 praeberent.
1831 2213 2091 2285 Sedulo
2135 2214 2321 2284 enim
2372 2213 2570 2285 nobis

433 2337 819 2411 cavendum
849 2348 955 2409 est
987 2360 1075 2409 ne
1121 2338 1193 2408 in
1225 2339 1355 2409 hoc
1388 2338 1844 2433 quorumdam
1889 2340 2287 2410 criticorum
2327 2340 2570 2412 vitium

434 2464 842 2552 incidamus,
922 2463 1036 2559 qui
1113 2463 1443 2557 Spartam
1520 2485 1561 2534 a
1645 2465 1920 2535 caeteris
1998 2463 2292 2536 urbibus
2365 2465 2572 2560 plane

435 2590 829 2663 abalienam
877 2588 1090 2691 fuisse
1131 2590 1608 2682 contendunt3
1678 2600 1868 2662 recte
1919 2591 2572 2662 animadverterunt

437 2716 856 2797 excellentes
921 2714 1236 2786 historici
1277 2737 1455 2804 eam,
1509 2714 1642 2785 hoc
1680 2716 1959 2787 demum
2000 2738 2041 2786 a
2091 2716 2399 2810 qualibet
2437 2716 2572 2788 alia

434 2841 714 2925 civitate
765 2840 1072 2928 differre,
1122 2839 1437 2933 quodibi
1489 2842 1678 2910 cives
1716 2840 2023 2915 maxime
2071 2838 2347 2932 legibus
2399 2841 2577 2912 obe-—

438 2966 706 3049 dientes
747 2973 1009 3054 essent,
1064 2973 1130 3035 ct
1183 2987 1267 3035 ea
1307 2987 1461 3058 quae
1514 2963 1682 3034 alibi
1724 2974 2004 3057 propter
2045 2964 2574 3059 diuturnitatem

438 3090 961 3173 obsoleverant,
1006 3089 1349 3184 spartani
1387 3089 1584 3182 quasi
1629 3110 1810 3159 nova
1871 3110 2250 3184 recensque
2307 3090 2574 3160 sancita

441 3238 795 3311 nunquam
837 3238 975 3285 non
1017 3222 1587 3307 exsequerentur.

550 3339 867 3411 Permira
940 3361 1052 3410 res
1136 3348 1241 3419 est
1306 3359 1512 3432 quam
1578 3335 1721 3425 diu,
1772 3359 1942 3431 quae
2012 3338 2276 3409 veteris
2357 3341 2575 3428 moris
2674 3334 2679 3340 ’

442 3474 703 3552 essent,
778 3464 1019 3535 eodem
1086 3438 1269 3534 statu
1351 3461 1845 3533 Lacedaemone
1936 3464 2323 3535 manserint
2426 3464 2578 3536 Etsi

442 3591 631 3664 enim
696 3613 1026 3686 quorsum
1104 3590 1302 3682 plura
1368 3587 1802 3682 pertinerent
1867 3588 2203 3682 majorum
2263 3588 2579 3661 instituta

442 3717 881 3815 ignorarent,
916 3738 998 3787 ea
1038 3724 1307 3801 mutare
1347 3713 1668 3811 homines
1703 3712 2149 3783 abstinebant
2181 3714 2327 3808 qui,
2373 3714 2581 3808 quid-

444 3841 609 3936 quid
663 3863 721 3931 a·
771 3840 1099 3933 Lycurgo
1148 3838 1424 3932 jussum
1484 3836 1702 3910 fuisse
1765 3837 2326 3935 arbitrabantur,
2396 3839 2579 3910 haud

448 3986 648 4035 secus
688 3971 897 4058 atque
943 3962 1248 4033 divinum
1299 3961 1562 4057 aliquid
1611 3962 2141 4053 reverebantur,
2189 3985 2583 4059 magnoque

449 4088 577 4160 sibi
639 4088 846 4160 exitio
899 4086 1214 4159 futurum
1272 4110 1426 4161 esse
1476 4088 1845 4181 putabant,
1893 4089 1957 4158 si
2021 4089 2305 4181 paulum
2354 4089 2441 4161 ab
2483 4090 2585 4172 eis

511 4364 532 4400 ¹
568 4362 876 4424 GOE‘rrnmo,
909 4363 1270 4414 Gesammelte
1303 4363 1775 4426 Abhancllwnqen,
1807 4365 1848 4424 1,
1883 4380 1934 4428 p,
1966 4363 2079 4415 323.
