3131 5037
551 598 582 648 2
1413 603 1520 652 -DE
1564 601 1949 653 LYCURGO

548 735 824 798 ceretur
882 728 1179 800 hominis
1225 729 1523 823 effigieS,
1602 731 1717 825 qui
1767 737 1865 801 tot
1924 738 2083 801 ante
2135 730 2385 801 vixerit
2432 730 2687 802 saecula

550 876 759 948 quam
824 878 979 949 quae
1026 867 1417 929 memoratu
1489 858 1705 950 digna
1777 866 2014 929 essent
2077 856 2326 929 litteris
2391 859 2690 930 manda--

549 989 824 1067 rentur,
881 990 945 1052 et
1003 982 1145 1076 qui,
1199 982 1284 1053 ob
1333 983 1673 1076 praeclara
1715 1005 1887 1075 erga
1951 983 2283 1077 populum
2323 982 2684 1073 beneficia,

548 1104 618 1174 in
665 1104 1200 1178 admirationem
1257 1111 1567 1178 omnium
1606 1108 1905 1179 venerit.
1972 1107 2045 1179 Si
2096 1107 2254 1202 quis
2312 1116 2537 1179 autem
2606 1132 2686 1180 eo

547 1231 728 1323 quod
755 1229 1065 1326 Lycurgi
1104 1230 1335 1324 figura
1376 1231 1771 1303 adulterata
1821 1233 1936 1320 sit,
1993 1255 2152 1302 eum
2196 1256 2282 1304 ne
2341 1234 2686 1333 exstitisse

548 1354 827 1449 quidem
882 1358 1283 1448 contendat,
1346 1357 1532 1428 haud
1596 1357 1927 1428 absimilis
1968 1378 2123 1428 esse
2195 1357 2364 1427 mihi
2409 1358 2686 1429 videtur

545 1479 995 1552 historiarum
1069 1482 1341 1553 cuidam
1413 1482 1776 1577 scriptori,
1843 1481 1993 1576 qui,
2049 1505 2211 1553 raro
2282 1483 2684 1554 numismati

545 1604 926 1693 offendens,
981 1605 1155 1676 illud
1194 1616 1269 1678 ut
1321 1608 1635 1701 spurium
1668 1607 2281 1701 spernendumque
2322 1598 2679 1700 despiciat,

545 1752 624 1801 eo
656 1729 838 1824 quod
869 1753 994 1802 usu
1034 1731 1292 1802 attritae
1333 1732 1471 1803 sint
1502 1731 1857 1804 caelaturae
1886 1730 2395 1827 insculptaeque
2434 1731 2688 1804 litterae

545 1853 947 1926 difficillime
1013 1855 1368 1948 legantur.
1437 1855 1842 1927 Cavendum
1908 1866 2013 1929 est
2070 1857 2288 1950 igitur
2362 1879 2485 1940 ne,
2557 1857 2689 1927 hoc

543 2003 716 2074 opus
765 1981 1248 2074 suscipienteS,
1306 1981 1442 2054 tale
1506 1982 1753 2053 vitium
1802 1981 2272 2071 admi'ttamuS,
2329 1991 2396 2053 et
2444 1981 2687 2074 prius-

545 2127 751 2200 quam
807 2115 1136 2178 nostram·
1183 2107 1266 2178 de
1334 2108 1659 2202 Lycurgo
1720 2109 2136 2178 sententiam
2203 2106 2681 2195 ostendamuS,

545 2252 829 2302 necesse
887 2241 990 2303 est
1050 2233 1536 2304 examinentur
1606 2233 1825 2304 variae
1888 2256 2054 2328 quas
2107 2233 2480 2325 scriptores
2536 2239 2681 2301 tum

541 2356 829 2450 antiqui,
903 2366 1049 2428 tum
1096 2359 1520 2458 recentiores
1591 2357 1678 2429 de
1726 2382 1807 2430 eo
1882 2357 2230 2429 ediderint
2285 2357 2677 2455 opiniones,

541 2479 790 2553 deinde
821 2504 979 2574 quae
1014 2483 1380 2579 unicnique
1421 2481 1590 2555 fides
1621 2482 2013 2556 adhibenda
2046 2485 2134 2555 sit
2175 2482 2561 2555 videamus.

633 2607 791 2677 Jam
827 2608 1133 2701 primum
1166 2608 1337 2679 illud
1366 2610 1440 2679 in
1469 2608 1707 2680 oculos
1745 2610 2065 2697 incurrit,
2112 2633 2351 2680 omnes
2405 2608 2555 2681 fere
2594 2609 2682 2681 ad

539 2754 756 2802 unum
804 2740 1120 2805 auctores
1166 2732 1472 2827 aliquem
1523 2731 1741 2806 fuisse
1808 2721 2210 2832 Lycurgum
2268 2758 2679 2829 persuasum

535 2855 1492 2953 habuisse,contrariamque
1521 2860 1920 2954 opinionem
1954 2862 2063 2932 his
2098 2862 2353 2932 nostris
2399 2860 2677 2932 demum

540 2981 969 3075 temporibus
992 2994 1474 3076 expromptam
1508 3008 1691 3057 esse.

633 3109 879 3203 Neque
904 3108 1089 3179 enirn
1121 3108 1558 3200 HellanicuS‚
1600 3114 1716 3207 qui
1769 3123 2134 3208 spartanas
2175 3111 2453 3207 quidem
2483 3112 2679 3205 leges

534 3234 968 3329 Eurystheni
997 3234 1370 3329 Proclique
1420 3237 1770 3327 attribuit,
1823 3238 2072 3330 merito
2104 3239 2189 3308 ab
2238 3237 2324 3309 iis
2372 3239 2445 3307 in
2475 3236 2655 3308 testi·

536 3360 846 3431 monium
900 3366 1192 3429 vocatur
1240 3360 1357 3453 qui
1385 3360 1664 3432 nullum
1725 3366 1917 3432 aiunt
1968 3360 2186 3433 fuisse
2235 3363 2669 3457 Lycurgum.

535 3486 730 3574 Haec,
777 3487 1025 3576 fateor,
1074 3491 1260 3583 apud
1309 3487 1729 3560 Strabonem
1761 3486 1783 3527 ¹
1832 3487 2135 3578 legimus
2177 3511 2191 3554 ε
2238 3486 2677 3558 Hellanicus

537 3614 1080 3708 Eurysthenem
1111 3624 1177 3684 ec
1220 3615 1571 3686 Proelern
1622 3622 1955 3684 auctores
2010 3612 2197 3704 facit
2244 3611 2677 3706 reipublicae

531 3748 933 3835 spartanae.
977 3740 1204 3818 Quem
1259 3740 1599 3833 Ephorus
1632 3738 2000 3830 increpat,
2036 3738 2254 3831 quod,
2285 3737 2676 3830 praeterita

533 3863 868 3958 Lyeuryi
940 3849 1333 3952 mentione,
1389 3866 1545 3957 ejus
1606 3866 1817 3956 faeta
1858 3860 2118 3932 alienis
2172 3858 2668 3954 adscripserit.

534 3990 766 4061 Grave
788 3988 1069 4084 quidem
1091 3988 1263 4060 illud
1288 3998 1787 4082 argumentum
1810 3984 2016 4075 soret,
2040 3985 2174 4057 nisi
2196 3986 2347 4081 quis
2370 4007 2673 4077 arguere

593 4230 611 4265 ¹
650 4229 882 4285 Summo,
918 4228 1056 4287 VIII,
1089 4229 1136 4287 5,
1171 4229 1201 4277 5
1233 4242 1246 4278 ι
1295 4226 1591 4285 Ἑλλάνικος
1623 4226 1706 4291 μὲν
1736 4218 1821 4277 οὖν
1858 4222 2143 4292 Εὐρυσθένη
2180 4225 2264 4275 καὶ
2288 4223 2525 4290 Προκλέα
2554 4224 2672 4288 φησὶ

531 4311 752 4368 διατάξαι
771 4308 856 4373 τὴν
871 4310 1139 4361 πολιτείαν·
1167 4308 1387 4375 ’Έφορος
1415 4305 1682 4372 δ’ἐπιτιμᾷ,
1711 4305 1869 4371 φήσας
1897 4307 2189 4372 Λυκούργου
2217 4304 2301 4369 μὲν
2334 4300 2483 4355 αὐτὸν
2512 4305 2670 4367 μηδα-

525 4395 619 4451 μοῦ
651 4391 942 4454 μεμνῆσθαι,
970 4388 1030 4438 τὰ
1053 4384 1291 4439 δ’ἐκείνου
1316 4390 1437 4455 ἔργα
1462 4393 1567 4445 τοῖς
1595 4390 1658 4451 μή
1685 4389 2023 4453 προσήκουσιν
2058 4382 2375 4436 ἀνατιθέναι..
