3131 5037
533 590 595 639 4⁴
1343 585 1444 636 DE
1488 583 1867 637 LYCURGO

629 718 805 802 Quae
882 738 1092 811 quum
1161 714 1260 787 ita
1323 714 1489 802 sint,
1560 714 1759 811 sequi
1807 713 2083 786 videtur
2134 712 2329 807 justo
2391 713 2670 806 longius

530 839 979 916 intervallum
1016 841 1204 914 inter
1243 840 1592 913 doriensis
1631 841 1931 935 impetus
1959 838 2234 912 initium
2266 849 2334 914 et
2370 840 2669 936 primam

530 977 963 1040 numeratam
995 966 1488 1064 Olympiadem
1515 965 1602 1038 ab
1632 965 1986 1039 historicis
2015 966 2458 1061 assignatum
2480 989 2660 1038 esse.

531 1094 685 1165 Hoc
733 1103 965 1167 autem
1014 1092 1334 1173 effectum
1365 1103 1500 1186 est,
1526 1102 1670 1167 tum
1724 1116 2107 1187 regnorum
2156 1093 2457 1199 ‚spatium
2493 1115 2668 1186 pro—

531 1219 873 1308 ducend0,
927 1228 1075 1291 tum
1137 1219 1222 1319 in,
1267 1241 1518 1312 regum
1584 1218 1767 1291 serie
1813 1219 2022 1314 plura
2070 1216 2328 1290 ficticia
2388 1218 2668 1291 nomina

529 1343 930 1417 inserendo.
976 1344 1159 1430 Quid
1188 1343 1418 1416 enim?
1456 1345 1671 1416 Soum
1694 1342 1926 1434 illum,
1973 1343 2058 1416 de
2088 1368 2220 1440 quo
2273 1345 2668 1418 mirandam

528 1469 715 1566 apud
778 1468 1241 1542 Plutarchum
1306 1469 1522 1542 animi
1575 1470 1977 1542 firmitatem
2038 1468 2368 1564 legimuS,
2433 1494 2667 1543 nonne

526 1595 796 1668 nullum
824 1618 1128 1692 unquam
1157 1594 1377 1668 fuisse
1407 1595 1885 1691 comprobavit
1915 1594 2275 1668 Gilbertus
2296 1595 2372 1666 ¹2
2414 1597 2668 1669 Nonne

526 1722 807 1795 Grotius
824 1719 1030 1815 plura
1049 1745 1297 1825 regum
1321 1722 1602 1794 nomina
1611 1779 1629 1813 ,
1648 1722 2046 1819 praesertim
2068 1723 2140 1795 in
2159 1723 2392 1819 priore
2417 1723 2667 1807 indicis

524 1856 751 1942 parte,
805 1847 1096 1919 omnino
1144 1845 1391 1919 ficticia
1430 1871 1583 1920 esse
1632 1847 1937 1920 ostendit
1970 1852 1997 1919 ἓ
2027 1831 2319 1943 Semper
2379 1849 2664 1945 quidem

523 1973 845 2046 oblectati
892 1983 1054 2046 sunt
1100 1974 1419 2046 homines
1470 1975 1708 2070 (cujus
1753 1976 1855 2048 rei
1887 1976 2204 2071 exempla
2249 1975 2361 2048 his
2396 1977 2659 2049 nostris

523 2097 953 2193 temporibus
1011 2100 1238 2171 adhuc
1291 2097 1671 2194 reperias),
1714 2100 1788 2171 in
1833 2123 1960 2173 sua
1992 2124 2200 2196 quam
2249 2101 2662 2195 longissime

522 2224 944 2297 removenda
998 2225 1311 2320 origine3
1350 2227 1568 2298 multo
1601 2250 1770 2299 vero
1813 2228 2039 2321 magis
2067 2236 2285 2300 aetate
2321 2227 2446 2300 illa
2499 2252 2659 2325 qua,

519 2350 903 2422 commixtis
971 2350 1118 2422 deis
1179 2351 1750 2447 hominibusque,
1823 2351 2027 2426 facile
2099 2375 2181 2425 ac
2259 2364 2663 2449 promptum

518 2485 668 2549 erat
747 2498 788 2550 a
866 2477 1046 2550 Jove
1098 2475 1218 2548 vel
1275 2475 1579 2551 Heracle
1646 2477 1936 2573 stirpem
2007 2451 2287 2552 elicere.
2377 2477 2661 2575 Aliquid

525 2610 756 2675 autem
808 2602 1200 2690 cavendum
1266 2612 1438 2692 erat,
1515 2604 1783 2676 scilicet
1862 2628 1950 2677 ne
2015 2605 2216 2695 deuS,
2298 2613 2375 2676 ut
2428 2605 2667 2700 stirpis

519 2736 720 2822 pater
757 2729 1085 2819 adscituS,
1138 2729 1424 2823 propior
1469 2719 1580 2801 ab'
1615 2753 1696 2802 eo
1742 2730 1863 2825 qui
1894 2729 2163 2824 primus
2210 2754 2370 2802 eum
2425 2726 2656 2803 adsci-

514 2855 729 2929 visset
768 2861 1147 2948 poneretur
1185 2879 1200 2923 :
1238 2864 1312 2926 ut
1358 2854 1543 2925 enim
1574 2878 1987 2948 graecorum
2025 2879 2266 2928 eorum
2313 2856 2544 2951 quivis
2590 2879 2666 2928 se

514 2988 836 3053 octavum
875 2980 987 3052 vel
1032 2980 1387 3051 decimum
1431 2982 1608 3052 Jove
1647 2989 2071 3076 prognatum
2119 2980 2326 3054 facile
2355 2981 2657 3073 dicebat,

520 3108 617 3179 ita
673 3107 861 3178 idem
912 3103 1223 3200 profecto
1273 3106 1637 3201 proprium
1692 3113 1961 3201 patrem
2022 3106 2138 3179 vel
2196 3130 2402 3179 avum
2456 3106 2663 3180 deum

519 3255 774 3304 vocare
802 3231 1073 3303 veritus
1119 3240 1329 3302 esset.
1386 3230 1881 3332 Quamobrem,
1943 3232 2235 3325 regibus
2307 3231 2661 3326 spartanis

519 3381 719 3430 suam
787 3355 1100 3429 divinam
1140 3358 1488 3451 originem
1529 3356 2099 3452 praedicantibus,
2152 3360 2350 3456 quasi
2407 3383 2662 3433 neces-

514 3485 719 3556 sitate
793 3484 1094 3579 quadam
1160 3482 1422 3555 factum
1486 3492 1593 3556 est
1670 3456 1893 3555 fictos·
1926 3507 2081 3555 esse
2140 3485 2403 3578 primos
2467 3484 2663 3576 reyii

514 3606 780 3681 iudicis
835 3592 1796 3703 regeS,‘commenticio‘sque
1860 3605 1999 3679 illis
2058 3630 2284 3679 annos
2337 3606 2655 3679 attribui.

510 3727 728 3806 Nobis
747 3741 1009 3824 autem,
1029 3734 1145 3828 qui
1166 3741 1565 3804 accuratam
1598 3741 1986 3826 temporum
2007 3731 2285 3803 illorum
2313 3732 2658 3804 rationem

510 3859 901 3931 subducere
956 3881 1318 3948 conamur,
1394 3882 1506 3931 res
1585 3857 1826 3929 sedulo
1884 3858 2535 3945 animadvertenda,
2588 3864 2660 3929 et

510 3985 762 4058 notatio
809 3993 1201 4079 temporum
1229 3983 1443 4078 vulgo
1491 3992 1774 4079 accepta
1825 4007 2119 4056 numero
2160 4006 2507 4055 annorum
2554 3972 2686 4055 ita‘

512 4133 770 4205 magno
813 4108 1192 4183 minuenda
1233 4118 1364 4183 est.

573 4388 593 4423 ¹
629 4384 886 4443 ΟιιΒειιτ,
921 4380 1166 4433 Studien
1199 4394 1313 4432 zur
1344 4380 1866 4443 altspartanisohen
1899 4381 2246 4441 Geschichte,
2279 4394 2330 4444 p.
2365 4380 2440 4431 25.
