3131 5037
1159 600 1425 651 CAPUT
1468 599 1873 660 QUARTUM
2547 599 2610 651 49

576 725 830 827 Regno
882 731 1226 828 sequenti,
1266 731 1555 826 propius
1614 732 1939 826 Spartam
1995 731 2355 804 raccedunt
2396 732 2608 804 inva-

473 860 744 943 denteS‚
814 858 1411 952 Mantineamque,
1483 866 1766 950 propter
1846 881 2037 930 suam
2105 880 2279 951 erga
2329 856 2608 950 AEgidis

471 986 953 1060 interfectores
982 986 1309 1079 gratiam,
1358 984 1722 1077 obsident:
1770 992 1971 1079 capta
2019 984 2220 1072 urbe,
2246 984 2396 1078 jam
2425 1007 2607 1054 nunc

473 1113 586 1184 via
608 1112 698 1184 ad
715 1111 1049 1183 Eurotam
1071 1109 1385 1205 patebat3
1422 1110 1545 1180 sed
1572 1109 1837 1203 Tegea,
1866 1111 1975 1205 cuj
1987 1134 2065 1180 us
2095 1111 2264 1182 adeo
2288 1107 2603 1180 celebres

473 1247 632 1309 sunt
679 1259 852 1329 erga
893 1237 1267 1308 Dorienses
1313 1234 1699 1306 inimicitiae
1750 1246 1823 1309 ut
1872 1235 2335 1328 cogitaverint
2392 1234 2607 1327 logo-

471 1363 723 1456 graphi
789 1360 987 1457 Hylli
1056 1360 1386 1455 regisque
1442 1358 1729 1429 Echemi
1791 1357 2153 1454 singulare
2217 1369 2597 1446 certamen,

470 1486 871 1582 aliquandiu
924 1484 1215 1575 restitit3
1281 1484 1443 1554 dum
1506 1506 1659 1555 eam
1724 1483 2176 1579 oppugnabat
2238 1485 2598 1579 Prytanis,

470 1608 897 1709 Eurypontis
924 1611 1138 1701 filius,
1184 1611 1656 1683 incursionem
1691 1612 2016 1683 sustinuit
2045 1611 2597 1705 Cynurensium,

473 1738 589 1836 qui
632 1737 1042 1810 inferiorem
1097 1737 1390 1829 Argivae
1448 1737 1761 1833 planitiei
1812 1747 2079 1832 partem
2147 1735 2596 1808 incolebant:

468 1885 586 1933 eos
624 1884 663 1933 e
695 1861 975 1933 sedibus
1005 1860 1263 1955 expulit
1303 1869 1371 1932 et
1401 1860 1725 1955 denique,
1759 1871 2000 1955 aperto
2031 1861 2308 1951 itinere,
2349 1860 2601 1954 Sparta

467 1985 845 2058 Dorienses
906 1985 1099 2079 potiti
1157 1991 1342 2056 sunt.
1406 1986 1607 2056 Hanc
1662 2009 1807 2056 rem
1866 1984 2175 2080 profecto
2242 1983 2597 2078 significat

466 2110 848 2183 Pausanias
867 2110 917 2198 ¹,
945 2133 1159 2205 quum
1181 2109 1405 2180 dicit«
1436 2133 1556 2204 per
1587 2111 1943 2202 proximas
1968 2110 2292 2205 deinceps
2320 2117 2589 2199 aetateS,

462 2234 777 2306 Eunomo
819 2234 1080 2305 scilicet
1111 2244 1180 2306 et
1238 2233 1640 2328 Polydecte,
1701 2234 2001 2306 Eunomi
2053 2233 2216 2322 filio,
2279 2257 2598 2331 regnan-

464 2359 677 2446 tibus,
727 2368 1137 2453 perpetuam
1182 2382 1422 2453 pacem
1487 2359 1850 2453 Spartanis
1888 2358 2134 2431 fuisse.
2168 2384 2203 2428 >)

563 2487 914 2572 Quantum
945 2485 1066 2557 illa
1104 2484 1192 2558 ad
1223 2509 1348 2558 nos
1379 2487 1806 2581 pertineant,
1835 2487 1988 2583 quis
2028 2497 2133 2560 est
2164 2487 2281 2584 qui
2312 2510 2453 2558 non
2482 2486 2599 2558 vi-

461 2613 661 2684 deat?
688 2614 731 2685 J
737 2633 848 2682 am
879 2635 1067 2683 nunc
1099 2614 1285 2683 enim
1328 2611 1767 2684 manifestum
1798 2614 1877 2684 fit
1918 2615 2324 2710 Lycurgum
2353 2613 2599 2708 pacifi-

462 2759 610 2807 cam
632 2739 863 2831 egisse
886 2760 1279 2831 personam,
1299 2737 1417 2809 vix
1440 2737 1711 2810 subdita
1733 2739 2017 2811 Eurotae
2041 2739 2254 2830 valle,
2280 2737 2597 2811 confusis

460 2863 807 2948 omnibuS‚
842 2863 1624 2935 contendentibnsinter
1667 2887 1743 2935 se
1794 2864 2176 2936 victoribus
2211 2865 2579 2960 victisque.

557 3114 668 3189 Ex
716 3138 796 3186 eo
855 3115 1172 3209 sequitur
1209 3137 1348 3185 non
1391 3116 1486 3186 ita
1531 3114 1846 3209 opposita
1897 3138 2050 3186 esse
2095 3136 2251 3210 quae
2300 3115 2386 3186 de
2441 3114 2596 3208 ejus

459 3245 664 3309 aetate
702 3236 1102 3322 traduntur,
1134 3236 1256 3308 sed
1286 3236 1642 3308 conciliari
1682 3260 1883 3330 posse
1921 3238 1995 3309 in
2032 3237 2334 3332 speciem
2375 3261 2551 3333 oppo
2574 3280 2595 3289 -

457 3361 626 3432 sitas
656 3360 1017 3451 Herodoti,
1050 3343 1571 3453 Xenophontis,
1607 3358 2174 3458 Thucydidisque
2200 3364 2589 3457 opinioneS,

458 3495 527 3557 et
547 3487 949 3582 Lycurgum
969 3487 1330 3559 desinente
1354 3487 1634 3562 demum
1654 3501 1894 3563 octavo
1917 3491 2169 3561 saeculo
2195 3489 2561 3561 locandum
2574 3544 2590 3560 .

459 3612 555 3682 Ut
602 3613 786 3683 eni'm
836 3636 1110 3686 omnem
1161 3618 1572 3688 memoriam
1621 3641 1856 3689 rerum
1899 3616 2209 3689 breviter
2258 3616 2595 3711 complec-

454 3746 707 3826 tamur,
723 3738 875 3831 Jam
893 3739 1195 3847 vidimus
1205 3796 1222 3830 ,
1249 3750 1392 3812 tum
1420 3743 1714 3814 reditum
1737 3743 2269 3816 Heraclidarum
2289 3742 2584 3829 decim0‚

455 3885 594 3934 non
639 3870 870 3935 autem
917 3864 1323 3939 duodecimo
1370 3878 1532 3940 ante
1592 3867 1671 3939 C.
1726 3868 1818 3939 N.
1870 3869 2124 3940 saeculo
2161 3870 2586 3964 ponendum,

454 3996 596 4059 tum
639 3990 874 4083 plures
913 3991 1028 4085 qui
1068 3991 1279 4086 vulgo
1318 4016 1524 4087 reges
1577 3993 1852 4088 Spartae
1889 4006 2226 4069 vocantur
2253 3995 2357 4065 nil
2402 3996 2592 4070 aliud

454 4135 607 4186 esse
636 4137 844 4210 quam
881 4124 1268 4188 turmarum
1307 4141 1552 4190 earum
1583 4120 1818 4209 duces,
1852 4144 2035 4216 quae,
2075 4121 2393 4193 diversas
2414 4144 2587 4217 par·-

518 4382 534 4415 ¹
578 4381 904 4446 PAnzAmAS,
941 4384 1034 4446 111,
1069 4384 1117 4444 7,
1149 4384 1199 4435 2.
