3131 5037
545 552 637 606 102
1382 550 1481 600 DE
1523 550 1905 602 LYCURGO

540 680 714 772 ὅμοιοι
750 682 888 753 vim
909 683 980 751 in
1002 679 1360 754 inferiores
1392 680 1799 776 reipublicae
1826 682 2110 753 ordines
2142 704 2282 753 non
2315 681 2678 769 fecissent,

543 808 679 878 nisi
747 829 866 878 eos
938 804 1359 877 cohibuisset
1435 792 2006 895 honoratissima,
2091 806 2689 902 immutabilisque

543 955 795 1025 regum
864 931 1274 1020 auctoritas3
1346 953 1498 1002 eam
1586 939 1818 1002 autem
1880 932 2105 1024 magis
2181 955 2220 1003 e
2284 933 2685 1005 reverentia

542 1081 751 1152 quam
783 1080 820 1126 c
859 1056 1105 1127 timore
1134 1056 1418 1125 initium
1455 1054 1789 1126 habuisse
1821 1055 1952 1127 hoc
1989 1057 2317 1145 ostendit,
2357 1056 2542 1152 quod
2580 1058 2682 1127 eis

541 1184 908 1277 Lycurgus
966 1182 1202 1253 omnia
1256 1205 1412 1276 quae
1481 1183 1709 1276 potius
1772 1182 1862 1252 ad
1921 1183 2414 1254 coercitionem
2473 1204 2687 1277 quam

539 1307 627 1380 ad
673 1307 1236 1379 benevolentiam
1283 1305 1677 1377 attinebant
1715 1307 2057 1379 ademerit
2099 1333 2115 1378 :
2184 1308 2385 1381 verbi
2418 1309 2677 1402 gratia,

538 1432 623 1504 de
654 1431 1071 1527 capitalibus
1104 1432 1313 1504 rebus
1345 1456 1484 1503 non
1513 1433 1984 1524 inquirebant.

636 1556 815 1628 Illud
843 1558 1029 1627 inter
1060 1580 1306 1628 causas
1334 1557 1939 1628 adnumerandum
1979 1580 2137 1629 esse
2178 1557 2348 1627 mihi
2378 1557 2678 1642 videtur,

538 1704 659 1751 cur
687 1704 930 1752 omnes
963 1680 1135 1752 adeo
1169 1703 1374 1773 reges
1412 1683 1487 1751 in
1516 1682 1785 1752 honore
1823 1682 2222 1753 habuerint.
2310 1716 2319 1723 ’
2550 1765 2555 1769 ἢ

635 1807 785 1877 Nec
820 1829 1066 1901 parum
1120 1805 1210 1877 ad
1251 1830 1396 1876 rem
1446 1805 1896 1878 conferebant
1937 1807 2398 1879 sacerdotalia
2436 1830 2683 1877 eorum

537 1954 858 2023 munera,
896 1956 1056 2028 quae
1089 1907 1310 2024 ma⁰gis
1342 1941 1504 2002 nota
1533 1942 1696 2002 sunt
1727 1955 1931 2025 quam
1962 1943 2038 2002 ut
2069 1905 2143 2001 in
2175 1932 2275 2002 eis
2313 1932 2672 2003 immorer.

535 2057 767 2151 Hujus
818 2058 1259 2146 reverentiae,
1290 2079 1428 2152 qua
1459 2080 1668 2150 reges
1723 2057 2156 2147 colebantur,
2203 2058 2678 2161 testimonium

543 2180 987 2254 manifestum
1039 2182 1358 2275 praebent
1413 2180 1784 2273 magnifica
1845 2181 1971 2253 illa
2033 2180 2306 2269 funcra,
2341 2183 2465 2255 ad
2514 2206 2681 2278 quae

539 2315 750 2385 totius
816 2315 1142 2385 Laconiae
1214 2313 1451 2408 populi
1512 2324 1895 2385 conventus
1961 2313 2211 2402 fiebat;
2282 2314 2458 2386 illud
2515 2315 2675 2408 lege

536 2440 819 2534 praecipi
846 2450 1275 2535 compertum
1315 2438 1635 2534 equidem
1665 2438 1926 2527 habeo;
1962 2438 2142 2510 hanc
2171 2449 2406 2511 autem
2441 2439 2674 2534 legem

539 2567 906 2661 Lycurgus
940 2589 1082 2636 non
1120 2565 1415 2651 tulisset,
1469 2563 1605 2634 nisi
1659 2564 1731 2633 iu
1775 2574 2005 2636 mente
2056 2564 2413 2636 habuisset
2467 2587 2677 2658 reges

537 2691 736 2783 quasi
800 2693 1209 2783 juncturam
1292 2687 1445 2759 fore
1511 2688 1952 2761 diversorum
2024 2689 2299 2761 illorum
2374 2713 2529 2784 quae
2604 2690 2680 2761 in

535 2814 837 2886 Laconia
884 2816 1201 2886 videmus
1238 2808 1766 2886 elementorum.

634 2941 836 3026 Quod
870 2940 955 3012 ab
995 2940 1280 3012 bellicas
1311 2963 1423 3011 res
1461 2941 1738 3024 attinet,
1775 2940 2051 3011 etiamsi
2080 2943 2437 3035 ingentem
2479 2964 2679 3036 spar-

539 3042 725 3137 tanis*
791 3066 1079 3159 regibus
1139 3075 1547 3159 potestatem
1609 3067 1932 3159 primitus
1995 3089 2395 3139 concessam
2462 3065 2680 3139 fuisse

535 3191 929 3263 Herodotus
981 3215 1121 3262 non
1167 3213 1494 3285 expresse
1547 3193 1815 3264 diceret
1838 3191 1888 3281 ¹,
1953 3216 2035 3262 ex
2074 3192 2206 3263 hoc
2249 3189 2678 3264 inferremus

536 3317 720 3412 quod
772 3325 1083 3409 tempore
1128 3315 1278 3406 illo,
1336 3340 1469 3411 quo
1537 3316 1850 3387 nondum
1916 3315 2158 3387 solidis
2205 3315 2677 3389 fundamentis

536 3439 893 3512 nitebatur
948 3449 1274 3534 spartana
1339 3440 1746 3528 dominatio,
1823 3463 2109 3512 necesse
2170 3455 2322 3514 erat
2397 3443 2679 3514 arctiori

537 3565 832 3661 imperio
898 3564 1307 3658 conglobari
1388 3565 1729 3637 militares
1805 3566 2030 3658 vires3
2118 3566 2298 3639 hanc
2368 3576 2677 3667 ceterum

537 3701 847 3763 nostram
905 3690 1376 3782 conjecturam
1439 3689 1616 3761 illud
1678 3690 1914 3762 firmat
1972 3690 2177 3785 quod,
2229 3693 2471 3785 paucis
2517 3701 2678 3786 post

532 3824 852 3909 acceptas
898 3814 1093 3908 leges
1132 3817 1362 3901 anniS,
1402 3815 1918 3886 Lacedaemonii
1956 3839 2096 3886 non
2128 3817 2430 3889 Laconia
2472 3821 2677 3890 modo

537 3950 706 4033 tota,
743 3941 866 4011 scd
893 3941 1244 4012 Messenia
1271 3941 1473 4034 potiti
1495 3938 1785 4012 fuerint.
1822 3941 2026 4012 Illam
2047 3943 2396 4034 posterius
2420 3966 2676 4036 regum

534 4075 952 4163 potestatem
1003 4065 1295 4163 multum
1343 4067 1779 4138 imminutam
1822 4065 2064 4157 fuisse,
2103 4076 2171 4139 et
2218 4067 2307 4138 ad
2372 4068 2677 4162 ephoros

600 4335 619 4369 ¹
653 4327 1005 4393 ‘Hunno-rus,
1039 4333 1127 4393 VI,
1168 4331 1249 4382 56.
