3131 5037
1124 591 1394 644 CAPUT
1440 591 1864 645 SEPTIMUM
2496 596 2558 648 87
2663 577 2669 586 ”

424 716 619 789 sione
637 715 938 791 fructum
959 718 1353 814 percepturi
1379 709 1626 811 simuS,
1644 743 1931 794 necesse
1950 729 2058 794 est
2081 724 2556 797 examinemus

418 843 603 914 unde
650 844 997 935 originem
1055 844 1367 938 ceperint
1413 844 1645 938 ilotoe,
1689 845 2008 940 perioeei
2047 849 2550 944 Spartanique,

422 973 568 1038 tres
611 967 718 1039 illi
770 970 843 1039 in
891 969 1388 1042 lacedaemonia
1429 969 1784 1065 republica
1838 970 2194 1042 hominum
2240 972 2548 1046 ordines.

515 1092 717 1176 Quod
746 1094 834 1164 ad
872 1093 1086 1166 ilotas
1113 1095 1389 1183 attinet,
1435 1095 1496 1165 si
1544 1095 1697 1190 quis
1744 1094 1932 1167 unde
1963 1103 2192 1167 ortum
2231 1098 2556 1169 duxerint

419 1220 827 1314 interroget,
864 1243 1021 1292 eum
1051 1221 1429 1293 observare
1456 1222 1719 1316 jubebo
1757 1221 1940 1316 apud
1974 1223 2270 1295 Achaeos
2310 1246 2553 1297 servos

421 1343 696 1439 quidem
738 1343 977 1437 fuisse,
1021 1346 1202 1442 quod
1232 1346 1502 1418 etiamsi
1542 1370 1682 1418 non
1712 1347 2026 1441 pluribus
2066 1348 2354 1420 Homeri
2381 1349 2553 1421 locis

420 1445 1312 1564 comprobaretu1·1,‘facile
1359 1473 1786 1565 conjectaret
1825 1472 1941 1566 qui
2000 1473 2421 1565 cogitatione
2466 1474 2553 1547 ad

419 1600 732 1689 tempora
772 1594 895 1667 illa
936 1605 1434 1683 reverteretur,
1471 1619 1604 1691 quo
1635 1596 1917 1691 superbi
1954 1598 2194 1669 Achaei
2223 1598 2298 1670 in
2345 1599 2552 1680 celsis

417 1722 717 1793 castellis
753 1720 929 1792 nihil
965 1722 1153 1793 aliud
1189 1721 1495 1815 agebant
1533 1746 1739 1817 quam
1782 1722 1884 1793 rei
1937 1723 2225 1795 militari
2273 1724 2551 1797 incum-

419 1844 612 1937 bere,
656 1857 723 1919 et
768 1847 932 1926 vilia
970 1846 1385 1943 sordidaque
1439 1871 1730 1919 munera
1787 1848 2172 1941 plebeculae
2225 1850 2550 1924 commit-

415 1970 681 2044 tebant.
700 1972 1167 2057 Quamobrem
1186 1972 1376 2044 haud
1395 1982 1808 2045 cunctanter
1827 1972 2166 2046 Miillero2
2175 1977 2545 2068 assentior,

416 2096 532 2191 qui
570 2097 762 2170 ilotis
809 2098 1365 2170 adnumerandos
1399 2121 1554 2170 esse
1595 2099 1762 2170 dicit
1797 2099 2099 2193 prioreS,
2133 2100 2219 2172 ab
2266 2101 2549 2175 Achaeis

415 2222 763 2311 subactOS,
802 2225 1127 2297 Laconiae
1163 2223 1455 2297 incolaS.

508 2347 774 2420 Eorum
792 2350 1073 2443 paulum
1094 2361 1431 2423 mutatam
1456 2375 1609 2422 esse
1627 2351 2117 2441 conditionem,
2136 2352 2234 2422 ita
2254 2359 2331 2422 ut
2353 2353 2548 2445 agris

413 2474 700 2570 posthac
720 2475 1035 2547 colendis
1054 2476 1347 2548 adhibiti
1364 2475 1646 2567 fuerint,
1665 2500 1807 2549 non
1834 2485 1940 2549 est
1959 2475 2144 2571 quod
2167 2476 2498 2550 miremur
2523 2502 2539 2548 :

412 2601 651 2694 plures
691 2603 882 2673 enim
939 2601 1124 2695 apud
1188 2612 1457 2674 veteres
1508 2604 1801 2696 populos
1847 2601 2070 2674 fuisse
2115 2613 2547 2695 compertum

410 2725 769 2816 habemus,
810 2728 926 2822 qui
952 2750 1102 2798 rem
1133 2726 1465 2798 rusticam
1493 2725 1715 2795 servis
1748 2725 2183 2815 tradiderint,
2228 2750 2266 2798 e
2295 2726 2545 2821 quibus

408 2851 709 2929 Πενέστας
765 2853 838 2923 in
897 2851 1288 2935 Thessalia,
1368 2848 1647 2927 Βιθυνούς
1733 2850 2077 2945 Byzantii,
2148 2852 2545 2947 Κιλλικυρῖους

409 2978 797 3072 Syracusis,
835 2975 1290 3072 Μαριανὸύνους
1329 2978 1405 3048 in
1453 2978 1742 3049 Pontica
1788 2976 2135 3049 Heraclea
2170 2978 2255 3050 ab
2295 2988 2547 3051 aucto-

410 3102 604 3174 ribus
625 3098 867 3174 citatos
891 3101 1355 3173 invenimus3.
1382 3101 1757 3173 Dorienses
1777 3111 2032 3192 autem,
2063 3104 2178 3198 qui
2212 3104 2544 3200 aliquan-

407 3229 526 3300 diu
546 3229 618 3298 in
640 3229 1002 3300 Thessalia
1024 3228 1368 3317 vixerant,
1406 3227 1524 3298 ubi
1534 3236 2014 3321 penestarum
2038 3228 2545 3302 institutionem

406 3363 770 3444 noverant,
828 3364 1187 3448 postquam
1249 3352 1751 3425 Lacedaemone
1815 3354 2015 3446 potiti
2083 3365 2268 3453 sunt,
2315 3355 2542 3425 simile

408 3478 670 3573 aliquid
735 3479 1124 3551 condidisse
1181 3489 1431 3550 natura
1488 3476 1746 3549 factum
1806 3487 1933 3568 est,
1981 3487 2190 3573 atque
2245 3480 2321 3550 in
2363 3480 2544 3551 hanc

406 3605 869 3677 conditionem
913 3605 1268 3699 redegisse
1308 3605 1424 3699 qui
1459 3603 1882 3675 Achaeorum
1919 3603 2174 3697 jugum
2213 3613 2539 3677 excutere

406 3729 755 3802 obstinate
792 3738 1260 3804 tentaverant.

415 3883 422 3888 ·
502 3856 624 3945 At,
666 3856 849 3935 dicet
887 3856 1165 3951 aliquiS,
1204 3879 1342 3927 non
1383 3857 1608 3926 omnis
1636 3856 1941 3929 Laconia
1980 3855 2210 3928 adhuc
2257 3855 2541 3928 subacta

469 4142 487 4176 ¹
525 4135 860 4195 Summanus,
897 4136 1231 4198 Antiquite's
1263 4135 1640 4198 Ηεῖῑέηίᾳιιεε,
1677 4135 1898 4186 traduct.
1925 4106 2158 4198 Galuski,
2195 4153 2246 4202 p.
2276 4138 2356 4187 48.

467 4216 490 4251 2
525 4216 584 4266 Ο.
620 4215 898 4276 Μυειιειι,
927 4217 1026 4264 Die
1053 4215 1279 4276 Dor-ier,
1315 4216 1382 4276 11,
1408 4230 1460 4279 p.
1496 4214 1576 4265 15.

466 4296 490 4332 3
531 4296 824 4351 Hmmmn.
851 4296 1138 4346 Lehrbuch
1174 4295 1275 4345 der
1301 4295 1692 4358 yriechischen
1723 4298 2160 4361 Antiquitatum.
2183 4299 2536 4349 —Staatsal·

407 4386 493 4426 ter
503 4376 746 4440 thamer,
781 4378 922 4439 xlx,
954 4377 1031 4427 11.
