3131 5037
1157 592 1425 644 CAPUT
1467 591 1845 644 DECIMUM
2469 581 2562 638 129

426 720 721 794 familiae
758 746 905 794 suae
943 722 1315 794 subvenire
1364 730 1670 814 possent,
1717 720 1880 792 inde
1932 720 2162 830 evenit
2201 728 2275 791 ut
2313 705 2573 815 aequass*

425 833 609 937 litas,
643 869 806 943 ‘quae
850 850 1152 942 primum
1180 848 1496 921 instituta
1522 845 1777 934 fuerat,
1815 829 2008 918 brevi
2054 831 2450 933 evanuerit,
2489 844 2568 916 et'

425 973 721 1069 apaucis
766 972 1212 1068 optimatibus
1254 982 1622 1067 regeretur
1664 971 2072 1067 *reipublicae
2103 951 2564 1064 gubern'acu4

421 1099 595 1189 lum,
640 1098 821 1195 quod
858 1109 1061 1171 antea.
1105 1122 1315 1193 penes
1357 1099 1608 1171 multos
1648 1100 1834 1171 cives
1881 1107 2067 1183 erat:
2102 1095 2349 1169 horum
2388 1109 2561 1188 ergo

423 1247 794 1295 numerum
838 1224 1054 1296 multo
1092 1225 1431 1296 minorem
1474 1222 1737 1296 factum
1771 1247 1922 1295 esse
1953 1223 2277 1312 vidimUS,
2319 1211 2517 1291 eccle
2547 1221 2574 1270 -’

422 1335 754 1443 siamque
804 1350 1282 1423 aristocratico
1342 1351 1632 1423 concilio
1680 1350 2206 1443 similem,·non
2262 1347 2406 1443 jam
2475 1344 2561 1415 ad

424 1471 764 1546 senatoris
793 1476 1155 1548 ‘honorem
1226 1499 1342 1548 eos
1413 1476 1717 1549 evehere
1788 1474 2015 1547 solere
2085 1473 2201 1568 qui
2269 1469 2561 1542 maxime

423 1601 681 1676 virtute
708 1602 1247 1699 pollebant,sed
1275 1627 1314 1675 e
1344 1603 1704 1675 ditissimis
1745 1604 2129 1697 quibusque
2156 1591 2554 1671 desumere.

520 1727 715 1812 Quod
758 1715 844 1802 ad
883 1713 1088 1823 reges
1131 1711 1399 1818 attinet,
1446 1753 1742 1824 quorum
1781 1716 1938 1824 jura
1980 1730 2379 1826 Lycurgum
2408 1727 2561 1822 jam

424 1856 809 1929 resecuisse
837 1854 1167 1943 diximus,
1201 1878 1442 1927 eorum
1468 1878 1547 1927 eo
1577 1832 1796 1949 magis
1821 1853 2364 1926 imminuebatur
2399 1841 2575 1926 auc··

422 1961 697 2072 toritas,
742 1980 919 2075 quod
982 1982 1366 2076 primorum
1433 1983 1827 2075 augebatur
1897 1968 2204 2075 potestas
2258 2005 2273 2050 z
2325 1965 2576 2051 Theo}

421 2108 651 2202 pompi
677 2113 850 2200 ergo
882 2114 947 2177 ct
981 2105 1315 2199 Polydori
1346 2117 1646 2198 regnum
1677 2106 2079 2195 scrutando,
2108 2094 2561 2198 introspicere

420 2232 651 2303 conati
715 2255 950 2303 sumus
982 2231 1322 2326 quomodo
1366 2231 1642 2302 minora
1697 2228 1884 2301 facta
1936 2227 2198 2301 fuerint
2238 2228 2564 2300 ecclesia?

414 2357 607 2453 jura,
666 2365 1081 2451 creatusque
1132 2353 1343 2428 fuerit
1407 2355 1827 2450 ephororum
1900 2355 2382 2451 magistratuS,
2441 2356 2558 2449 qui

424 2500 587 2548 mox
653 2474 922 2569 regiam
987 2481 1397 2568 potestatem
1456 2474 1545 2546 ad
1615 2473 1909 2544 nihilum
1963 2471 2108 2546 fere
2165 2472 2435 2566 redegit
2490 2480 2561 2544 et

419 2603 828 2699 lycurgeam
891 2600 1489 2689 constitutionem,
1562 2590 1839 2672 servato
1909 2608 2180 2671 tanturn
2247 2598 2573 2688 nomine,

421 2728 703 2799 omnino
734 2728 1045 2798 mutavit.

516 2851 947 2926 Examinatis
970 2860 1205 2923 autem
1226 2860 1363 2923 tam
1379 2850 1706 2922 civilibus
1727 2873 1935 2946 quam
1958 2849 2256 2944 politicis
2279 2849 2562 2945 Spartae

419 2977 784 3067 institutiS,
847 2977 932 3048 ad
992 2999 1068 3048 ea
1130 2977 1535 3071 praescripta
1595 2977 1922 3047 venimus
1989 2998 2148 3070 quae
2201 2975 2289 3046 ad
2345 2976 2559 3048 vitam

420 3104 764 3199 privatam
820 3101 1294 3197 pertinebant,
1360 3111 1426 3171 et
1480 3100 2048 3172 animadvertere
2094 3099 2335 3171 datum
2397 3099 2552 3190 fuit,

422 3231 640 3301 multa
699 3229 913 3322 vulgo
961 3230 1049 3300 ab
1106 3228 1503 3301 auctoribus
1560 3227 1890 3322 Lycurgo
1937 3225 2258 3316 attribui,
2315 3225 2560 3320 quibus

357 3424 358 3427 ,
422 3355 896 3428 alienissimus
963 3353 1225 3441 fuisset,
1280 3354 1448 3451 quin
1515 3354 1653 3424 imo
1719 3352 1929 3450 plura
1986 3352 2060 3422 in
2123 3352 2274 3446 ejus
2348 3376 2559 3446 opere

420 3480 873 3578 deprehendi,
910 3505 1064 3577 quae
1107 3504 1265 3552 eum
1312 3482 1590 3551 omnino
1628 3485 1767 3550 non
1806 3477 1975 3550 satis
2032 3489 2312 3550 cautum
2343 3453 2557 3550 fuisse

422 3617 758 3702 arguant.
2473 3609 2476 3613 ’

519 3734 679 3805 Jam
707 3754 890 3803 nunc
935 3734 1169 3802 autem
1207 3731 1742 3803 examinandum
1777 3730 2143 3817 succurrit,
2185 3728 2369 3802 unde
2399 3751 2558 3801 eve-

423 3859 607 3929 nerit
651 3866 727 3929 ut
763 3856 880 3929 illa
925 3857 1348 3946 constitutiO,
1400 3880 1598 3952 quam
1653 3857 1906 3929 multas
1939 3865 2298 3950 expertam
2344 3853 2558 3927 fuisse

423 3984 839 4059 mutationes
917 3982 1217 4053 vidimus
1244 4036 1262 4071 ,
1347 3982 1433 4054 ab
1500 3980 1902 4055 auctoribus
1988 3990 2223 4052 tamen
2288 3980 2559 4051 dicatur

425 4109 974 4205 quadringentos
1004 4130 1227 4181 annos
1257 4131 1392 4180 una
1423 4107 1805 4202 eademque
1837 4106 2255 4202 perstitisse.

523 4234 681 4328 Ipsa
707 4234 809 4305 rei
840 4233 1205 4328 explicatio
1247 4235 1585 4306 rationem
1616 4233 1822 4304 simul
1849 4232 2089 4304 reddet
2138 4253 2271 4302 cur.
2287 4239 2556 4302 tantam

424 4357 904 4429 auctoritatem
943 4358 1307 4454 Lycurgus
1341 4357 1690 4446 habuerit,
1734 4366 1807 4428 ut
1855 4356 2180 4452 populum
2228 4378 2267 4427 e
2313 4354 2557 4426 diver-
