3131 5037
1166 578 1449 632 CAPUT
1485 581 1861 641 QUINTUM
2516 579 2573 628 61

433 707 659 778 tiones
715 730 874 802 quae
927 708 1375 782 Doriensium
1431 710 1501 781 in
1561 709 2117 805 Peloponnesum
2183 710 2570 783 adventum

432 831 996 904 antecesserunt:
1033 832 1222 925 ipsos
1255 834 1443 905 enim
1466 858 1591 927 per
1620 834 1858 906 varias
1894 834 2219 928 regiones
2259 834 2573 907 vicissim

436 980 511 1028 se
535 958 937 1048 contulisse,
956 981 1039 1030 ex
1066 958 1321 1030 Achai-a
1346 959 1743 1040 Phthiotide
1765 960 1836 1031 in
1862 961 2347 1050 Hestiaeotide,
2391 957 2579 1034 infra

439 1084 812 1179 Olympum
845 1094 1175 1175 montem,
1210 1093 1278 1157 et
1303 1086 1466 1157 inde
1507 1109 1727 1181 usque
1758 1086 1832 1156 in
1863 1086 2352 1158 Macedoniam
2407 1110 2579 1182 per-
2689 1062 2693 1065 ⁷

440 1210 729 1298 rexisse,
763 1233 801 1280 e
840 1232 973 1304 qua
1006 1234 1252 1282 rursus
1291 1234 1415 1305 per
1462 1210 1904 1283 Thessaliam
1926 1211 1998 1281 in
2060 1210 2423 1303 Doridem,
2475 1221 2572 1297 et,

433 1334 667 1406 multis
694 1345 849 1431 post
875 1313 1110 1426 annis,
1146 1338 1218 1408 in
1251 1335 1813 1431 Peloponnesum
1843 1338 2250 1431 pervenisse
2284 1338 2577 1411 tradunt

432 1469 754 1534 auctores
784 1462 833 1534 ¹.
871 1463 1004 1547 Qui
1042 1462 1585 1536 fuerinteorum
1637 1488 1864 1536 mores
1913 1488 2050 1535 non
2104 1464 2311 1538 aliter
2355 1474 2572 1561 atque

440 1586 895 1681 conjectando
944 1590 1222 1686 assequi
1271 1612 1692 1684 possumus3
1740 1590 1914 1660 mihi
1961 1613 2130 1661 vero
2189 1614 2330 1662 non
2362 1602 2578 1665 teme-

443 1714 705 1783 rarium
738 1713 1012 1786 videtur
1035 1737 1152 1786 eos
1182 1715 1691 1810 quodammodo
1716 1738 1872 1787 cum
1892 1716 2166 1811 populis
2186 1715 2324 1787 illis
2349 1718 2577 1812 aequi&

441 1860 721 1930 parare,
780 1840 923 1934 qui,
983 1841 1057 1911 in
1107 1840 1433 1936 aegyptiis
1476 1841 1612 1926 vici
1673 1840 2114 1911 Medinet-A
2131 1840 2267 1912 bou
2329 1864 2535 1914 monn
2558 1881 2580 1891 -

442 1964 697 2035 mentis
737 1966 881 2036 vivi
929 1965 1299 2059 finguntur
1348 1991 1364 2037 ε
1409 1966 1504 2037 ibi
1556 1966 1744 2037 enim
1794 1967 2208 2037 immensam
2260 1967 2581 2038 videmus

442 2090 907 2183 Pelasgorum
950 2091 1523 2187 Teucrorumque
1555 2090 2105 2181 multitudinem,
2151 2115 2303 2163 cum
2344 2094 2581 2187 pueris
2674 2081 2682 2089 ’

443 2216 985 2310 mulieribusque
1024 2216 1544 2308 advenientem,
1589 2217 1926 2312 plaustris
1981 2226 2279 2308 vectam,
2309 2227 2581 2290 terras-

443 2366 575 2439 que
628 2342 877 2414 uberes
935 2353 1507 2438 consequentem3
1564 2342 1831 2439 abhoc
1885 2342 2137 2437 populo
2193 2342 2581 2415 Dorienses

443 2493 524 2542 eo
555 2467 853 2542 fortasse
889 2469 1330 2557 differebant,
1367 2468 1547 2565 quod
1580 2492 1718 2541 non
1748 2490 1988 2541 omnes
2021 2491 2161 2540 una
2193 2468 2327 2541 iter
2356 2468 2582 2542 facie-

444 2595 640 2684 bant,
719 2596 842 2689 sed
900 2596 1310 2668 catervatim
1376 2594 1816 2683 incedebant,
1893 2617 2289 2689 quanquam
2342 2595 2582 2667 eodem

445 2746 691 2794 omnes
722 2720 1253 2795 contenderent.

543 2846 897 2931 Quomodo
936 2855 1352 2940 potestatem
1401 2869 1601 2918 suam
1650 2844 2092 2918 extenderint
2134 2845 2264 2935 illi,
2302 2845 2586 2941 indagat

444 2971 890 3068 Thucydides
919 2969 974 3062 ²,
1019 2995 1441 3066 causamque
1471 2971 1672 3043 affert
1709 2995 1826 3041 eos
1852 2970 2251 3066 soepissime
2294 2995 2341 3042 a
2397 2971 2585 3043 eivi-

446 3098 743 3188 tatibuS,
776 3097 1054 3169 auxilii
1085 3120 1339 3187 eausa,
1370 3120 1507 3191 pro
1554 3095 1933 3168 conductis
1960 3099 2300 3169 mercede
2330 3097 2553 3169 militi
2565 3139 2583 3150 ·

449 3222 600 3311 bus,
637 3223 1015 3294 arcessitos
1044 3222 1296 3318 fuisse.

544 3347 752 3417 Hunc
778 3346 1106 3441 equidem
1136 3344 1363 3416 locum
1418 3345 1704 3417 maximi
1732 3343 1934 3434 faci0,
1973 3367 2135 3417 nam
2179 3345 2349 3416 mihi
2395 3345 2584 3419 haud

447 3473 542 3544 ita
571 3470 852 3543 differre
883 3469 1157 3542 videtur
1174 3470 1620 3541 Doriensium
1648 3469 1721 3539 in
1753 3469 2317 3562 Peloponnesum
2340 3469 2584 3565 irrup-

448 3597 541 3667 tio
567 3594 1061 3689 abirruptione
1084 3617 1320 3688 quam,
1340 3594 1576 3667 multis
1609 3603 1760 3689 post
1793 3593 2071 3664 saeculis
2082 3648 2100 3683 ,
2125 3592 2196 3663 in
2218 3593 2585 3687 imperium

446 3721 843 3792 Romanum
861 3719 1196 3791 barbaros
1229 3717 1479 3790 fecisse
1509 3729 1940 3813 compertum
1963 3717 2328 3790 habemus.
2364 3718 2585 3802 Quam

444 3845 838 3917 accuratius
898 3845 1302 3940 perscripsit
1344 3845 1786 3916 doctissimus
1824 3843 2149 3936 idemque
2206 3842 2586 3936 benignis—

516 4115 532 4148 ¹
569 4111 708 4171 Quos
750 4117 1077 4161 enumeratos
1109 4110 1341 4161 invenies
1391 4110 1526 4176 apud
1555 4113 1616 4162 Ο.
1655 4111 2022 4170 Μυειιειιυκ,
2058 4112 2165 4160 Die
2208 4111 2436 4170 Boi-ier,
2460 4111 2586 4162 Ver-

448 4193 648 4242 mehrte
674 4193 918 4255 Ausgabe
947 4209 1043 4241 von
1068 4192 1444 4242 Schneidewin.
1477 4193 1626 4242 Erste
1653 4191 1990 4256 Abtheilung,
2027 4208 2076 4256 p.
2111 4192 2186 4245 18.
2225 4207 2337 4256 sqq.

515 4274 537 4309 ²
568 4275 938 4326 TnucYmnBs.
973 4274 1015 4329 1.
1061 4274 1092 4322 3
1119 4289 1131 4321 z
1166 4273 1413 4335 ’Έλληνος
1447 4274 1501 4324 δὲ
1533 4276 1620 4324 καὶ
1647 4281 1744 4324 τῶν
1791 4275 1980 4324 παίδων
2012 4269 2167 4323 αὐτοῦ
2197 4269 2247 4323 ἐν
2268 4279 2330 4345 τῇ
2355 4273 2592 4324 Φθιώτιδι
2658 4336 2664 4342 ,

448 4355 787 4425 ἱσχυσὰντῳν,
816 4357 905 4405 καὶ
936 4354 1257 4419 ἐπαγομένων
1286 4349 1462 4410 αὐτοὺς
1493 4350 1755 4418 ἐπ’ὠφελίᾳ
1784 4349 1834 4411 ἐς
1861 4352 1947 4409 τὰς
1981 4356 2132 4410 ἄλλας
2155 4353 2386 4410 πόλεις...
