<?xml version="1.0" encoding="UTF-8"?>
<!DOCTYPE html PUBLIC "-//W3C//DTD XHTML 1.0 Transitional//EN"
    "http://www.w3.org/TR/xhtml1/DTD/xhtml1-transitional.dtd">
<html xmlns="http://www.w3.org/1999/xhtml" xml:lang="en" lang="en">
 <head>
  <title>
</title>
<meta http-equiv="Content-Type" content="text/html;charset=utf-8" />
  <meta name='ocr-system' content='tesseract 3.04.00' />
  <meta name='ocr-capabilities' content='ocr_page ocr_carea ocr_par ocr_line ocrx_word'/>
</head>
<body>
  <div class='ocr_page' id='page_1' title='image "./delycurgothesis00bazigoog_0021.png"; bbox 0 0 3131 5037; ppageno 0'>
   <div class='ocr_carea' id='block_1_1' title="bbox 529 1364 2346 1540">
    <p class='ocr_par' dir='ltr' id='par_1_1' title="bbox 529 1274 2346 1540">
     <span class='ocr_line' id='line_1_1' title="bbox 529 1364 2346 1540; baseline -0.005 0"><span class='ocrx_word' id='word_1_1' title='bbox 529 1537 532 1540; x_wconf 75' lang='grc'>,</span> <span class='ocrx_word' id='word_1_2' title='bbox 661 1372 987 1540; x_wconf 84' lang='lat' dir='ltr'>DE</span> <span class='ocrx_word' id='word_1_3' title='bbox 1141 1364 2346 1538; x_wconf 75' lang='lat' dir='ltr'>LYCUReo</span> 
     </span>
    </p>
   </div>
   <div class='ocr_carea' id='block_1_2' title="bbox 1144 2240 1857 2314">
    <p class='ocr_par' dir='ltr' id='par_1_2' title="bbox 1144 2240 1857 2314">
     <span class='ocr_line' id='line_1_2' title="bbox 1144 2240 1857 2314; baseline -0.003 0"><span class='ocrx_word' id='word_1_4' title='bbox 1144 2242 1438 2314; x_wconf 81' lang='lat' dir='ltr'><strong>CAPUT</strong></span> <span class='ocrx_word' id='word_1_5' title='bbox 1503 2240 1857 2314; x_wconf 80' lang='lat' dir='ltr'>PRIMUM</span> 
     </span>
    </p>
   </div>
   <div class='ocr_carea' id='block_1_3' title="bbox 587 2465 2402 2671">
    <p class='ocr_par' dir='ltr' id='par_1_3' title="bbox 587 2465 2402 2671">
     <span class='ocr_line' id='line_1_3' title="bbox 1008 2465 2001 2517; baseline 0.002 -11"><span class='ocrx_word' id='word_1_6' title='bbox 1008 2467 1097 2508; x_wconf 88' lang='lat' dir='ltr'>AN</span> <span class='ocrx_word' id='word_1_7' title='bbox 1129 2465 1514 2508; x_wconf 77' lang='lat' dir='ltr'>1,YCURGUS</span> <span class='ocrx_word' id='word_1_8' title='bbox 1550 2465 2001 2517; x_wconf 81' lang='lat' dir='ltr'>EXSTITER1T‚</span> 
     </span>
     <span class='ocr_line' id='line_1_4' title="bbox 587 2546 2402 2596; baseline 0.001 -8"><span class='ocrx_word' id='word_1_9' title='bbox 587 2547 826 2589; x_wconf 76' lang='lat' dir='ltr'>VARIAE</span> <span class='ocrx_word' id='word_1_10' title='bbox 856 2546 1015 2596; x_wconf 81' lang='lat' dir='ltr'>QUAE</span> <span class='ocrx_word' id='word_1_11' title='bbox 1052 2547 1134 2588; x_wconf 80' lang='lat' dir='ltr'>DE</span> <span class='ocrx_word' id='word_1_12' title='bbox 1174 2548 1259 2589; x_wconf 88' lang='lat' dir='ltr'>EO</span> <span class='ocrx_word' id='word_1_13' title='bbox 1289 2547 1743 2589; x_wconf 79' lang='lat' dir='ltr'>EXPROMPTAE</span> <span class='ocrx_word' id='word_1_14' title='bbox 1782 2548 1962 2589; x_wconf 86' lang='lat' dir='ltr'>SUNT</span> <span class='ocrx_word' id='word_1_15' title='bbox 2002 2547 2402 2592; x_wconf 86' lang='lat' dir='ltr'>OPINIONES</span> 
     </span>
     <span class='ocr_line' id='line_1_5' title="bbox 1245 2628 1769 2671; baseline 0.004 -2"><span class='ocrx_word' id='word_1_16' title='bbox 1245 2628 1769 2671; x_wconf 81' lang='lat' dir='ltr'><strong>EXPONUNTUR.</strong></span> 
     </span>
    </p>
   </div>
   <div class='ocr_carea' id='block_1_4' title="bbox 442 2872 2583 4466">
    <p class='ocr_par' dir='ltr' id='par_1_4' title="bbox 442 2872 2583 4466">
     <span class='ocr_line' id='line_1_6' title="bbox 536 2872 2571 2969; baseline 0.001 -26"><span class='ocrx_word' id='word_1_17' title='bbox 536 2873 759 2956; x_wconf 86' lang='lat' dir='ltr'>Quum</span> <span class='ocrx_word' id='word_1_18' title='bbox 811 2872 974 2942; x_wconf 85' lang='lat' dir='ltr'>mihi</span> <span class='ocrx_word' id='word_1_19' title='bbox 1027 2874 1096 2941; x_wconf 89' lang='lat' dir='ltr'>in</span> <span class='ocrx_word' id='word_1_20' title='bbox 1139 2873 1374 2941; x_wconf 81' lang='lat' dir='ltr'>animo</span> <span class='ocrx_word' id='word_1_21' title='bbox 1446 2873 1533 2942; x_wconf 88' lang='lat' dir='ltr'>sit</span> <span class='ocrx_word' id='word_1_22' title='bbox 1596 2873 1968 2966; x_wconf 80' lang='lat' dir='ltr'>caliginem</span> <span class='ocrx_word' id='word_1_23' title='bbox 2028 2873 2377 2946; x_wconf 85' lang='lat' dir='ltr'>discutere</span> <span class='ocrx_word' id='word_1_24' title='bbox 2436 2897 2571 2969; x_wconf 84' lang='lat' dir='ltr'>qua</span> 
     </span>
     <span class='ocr_line' id='line_1_7' title="bbox 444 2997 2571 3092; baseline 0.002 -26"><span class='ocrx_word' id='word_1_25' title='bbox 444 2998 656 3090; x_wconf 75' lang='lat' dir='ltr'>vulgo</span> <span class='ocrx_word' id='word_1_26' title='bbox 693 3008 1084 3069; x_wconf 76' lang='lat' dir='ltr'>ocoaeontur</span> <span class='ocrx_word' id='word_1_27' title='bbox 1127 2999 1439 3091; x_wconf 79' lang='lat' dir='ltr'>spartani</span> <span class='ocrx_word' id='word_1_28' title='bbox 1467 2998 1897 3089; x_wconf 64' lang='lat' dir='ltr'>legislatoris</span> <span class='ocrx_word' id='word_1_29' title='bbox 1933 2997 2189 3091; x_wconf 80' lang='lat' dir='ltr'>figura,</span> <span class='ocrx_word' id='word_1_30' title='bbox 2236 3000 2391 3069; x_wconf 83' lang='lat' dir='ltr'>haeo</span> <span class='ocrx_word' id='word_1_31' title='bbox 2420 2999 2571 3092; x_wconf 82' lang='lat' dir='ltr'>jam</span> 
     </span>
     <span class='ocr_line' id='line_1_8' title="bbox 442 3122 2573 3218; baseline 0 -24"><span class='ocrx_word' id='word_1_32' title='bbox 442 3124 746 3194; x_wconf 90' lang='lat' dir='ltr'>omnium</span> <span class='ocrx_word' id='word_1_33' title='bbox 776 3123 1076 3216; x_wconf 87' lang='lat' dir='ltr'>primum</span> <span class='ocrx_word' id='word_1_34' title='bbox 1119 3122 1549 3215; x_wconf 77' lang='lat' dir='ltr'>expedienda</span> <span class='ocrx_word' id='word_1_35' title='bbox 1593 3133 1695 3193; x_wconf 83' lang='lat' dir='ltr'>est</span> <span class='ocrx_word' id='word_1_36' title='bbox 1716 3124 2041 3217; x_wconf 67' lang='lat' dir='ltr'>quaestio,</span> <span class='ocrx_word' id='word_1_37' title='bbox 2072 3147 2229 3218; x_wconf 62' lang='lat' dir='ltr'>qnae</span> <span class='ocrx_word' id='word_1_38' title='bbox 2259 3146 2296 3194; x_wconf 83' lang='lat' dir='ltr'>a</span> <span class='ocrx_word' id='word_1_39' title='bbox 2335 3147 2573 3195; x_wconf 80' lang='lat' dir='ltr'>recen-</span> 
     </span>
     <span class='ocr_line' id='line_1_9' title="bbox 445 3247 2576 3341; baseline 0.001 -21"><span class='ocrx_word' id='word_1_40' title='bbox 445 3248 741 3320; x_wconf 85' lang='lat' dir='ltr'>tioribus</span> <span class='ocrx_word' id='word_1_41' title='bbox 777 3248 1191 3341; x_wconf 81' lang='lat' dir='ltr'>quibusdam</span> <span class='ocrx_word' id='word_1_42' title='bbox 1225 3247 1538 3318; x_wconf 81' lang='lat' dir='ltr'>instituta</span> <span class='ocrx_word' id='word_1_43' title='bbox 1570 3255 1699 3338; x_wconf 88' lang='lat' dir='ltr'>est,</span> <span class='ocrx_word' id='word_1_44' title='bbox 1737 3248 1997 3318; x_wconf 80' lang='lat' dir='ltr'>scilieet</span> <span class='ocrx_word' id='word_1_45' title='bbox 2051 3258 2281 3319; x_wconf 86' lang='lat' dir='ltr'>utrum</span> <span class='ocrx_word' id='word_1_46' title='bbox 2329 3272 2576 3322; x_wconf 83' lang='lat' dir='ltr'>revera</span> 
     </span>
     <span class='ocr_line' id='line_1_10' title="bbox 444 3373 2568 3469; baseline 0.001 -25"><span class='ocrx_word' id='word_1_47' title='bbox 444 3374 787 3445; x_wconf 81' lang='lat' dir='ltr'>exstiterit</span> <span class='ocrx_word' id='word_1_48' title='bbox 844 3373 1230 3467; x_wconf 79' lang='lat' dir='ltr'>LyeurguS,</span> <span class='ocrx_word' id='word_1_49' title='bbox 1280 3395 1370 3443; x_wconf 81' lang='lat' dir='ltr'>an</span> <span class='ocrx_word' id='word_1_50' title='bbox 1418 3373 1720 3468; x_wconf 81' lang='lat' dir='ltr'>mythica</span> <span class='ocrx_word' id='word_1_51' title='bbox 1771 3382 2042 3446; x_wconf 83' lang='lat' dir='ltr'>tantum</span> <span class='ocrx_word' id='word_1_52' title='bbox 2108 3397 2407 3469; x_wconf 82' lang='lat' dir='ltr'>persona.</span> <span class='ocrx_word' id='word_1_53' title='bbox 2453 3375 2568 3465; x_wconf 87' lang='lat' dir='ltr'>sit,</span> 
     </span>
     <span class='ocr_line' id='line_1_11' title="bbox 444 3497 2575 3591; baseline 0.002 -24"><span class='ocrx_word' id='word_1_54' title='bbox 444 3497 656 3569; x_wconf 80' lang='lat' dir='ltr'>feraci</span> <span class='ocrx_word' id='word_1_55' title='bbox 689 3500 1100 3569; x_wconf 67' lang='lat' dir='ltr'>Graecorum</span> <span class='ocrx_word' id='word_1_56' title='bbox 1132 3499 1415 3590; x_wconf 83' lang='lat' dir='ltr'>ingenio</span> <span class='ocrx_word' id='word_1_57' title='bbox 1448 3499 1869 3591; x_wconf 79' lang='lat' dir='ltr'>excogitata.</span> <span class='ocrx_word' id='word_1_58' title='bbox 1924 3498 2101 3571; x_wconf 85' lang='lat' dir='ltr'>Sunt</span> <span class='ocrx_word' id='word_1_59' title='bbox 2147 3501 2337 3573; x_wconf 91' lang='lat' dir='ltr'>enim</span> <span class='ocrx_word' id='word_1_60' title='bbox 2374 3501 2575 3573; x_wconf 83' lang='lat' dir='ltr'>criti·-</span> 
     </span>
     <span class='ocr_line' id='line_1_12' title="bbox 445 3622 2576 3721; baseline 0.002 -27"><span class='ocrx_word' id='word_1_61' title='bbox 445 3647 686 3694; x_wconf 83' lang='lat' dir='ltr'>eorum</span> <span class='ocrx_word' id='word_1_62' title='bbox 735 3622 1053 3695; x_wconf 88' lang='lat' dir='ltr'>nonnulli</span> <span class='ocrx_word' id='word_1_63' title='bbox 1107 3623 1253 3717; x_wconf 85' lang='lat' dir='ltr'>qui,</span> <span class='ocrx_word' id='word_1_64' title='bbox 1309 3648 1521 3717; x_wconf 91' lang='lat' dir='ltr'>quum</span> <span class='ocrx_word' id='word_1_65' title='bbox 1589 3635 1878 3696; x_wconf 81' lang='lat' dir='ltr'>narrata</span> <span class='ocrx_word' id='word_1_66' title='bbox 1953 3626 2269 3721; x_wconf 70' lang='lat' dir='ltr'>quaedam</span> <span class='ocrx_word' id='word_1_67' title='bbox 2317 3627 2389 3696; x_wconf 91' lang='lat' dir='ltr'>in</span> <span class='ocrx_word' id='word_1_68' title='bbox 2428 3627 2576 3721; x_wconf 89' lang='lat' dir='ltr'>ejus</span> 
     </span>
     <span class='ocr_line' id='line_1_13' title="bbox 447 3745 2576 3847; baseline 0.002 -29"><span class='ocrx_word' id='word_1_69' title='bbox 447 3749 586 3820; x_wconf 81' lang='lat' dir='ltr'>vita</span> <span class='ocrx_word' id='word_1_70' title='bbox 625 3747 1042 3843; x_wconf 79' lang='lat' dir='ltr'>repererint,</span> <span class='ocrx_word' id='word_1_71' title='bbox 1088 3772 1241 3844; x_wconf 77' lang='lat' dir='ltr'>quee</span> <span class='ocrx_word' id='word_1_72' title='bbox 1285 3745 1595 3820; x_wconf 84' lang='lat' dir='ltr'>fabulam</span> <span class='ocrx_word' id='word_1_73' title='bbox 1673 3751 1900 3842; x_wconf 88' lang='lat' dir='ltr'>potius</span> <span class='ocrx_word' id='word_1_74' title='bbox 1961 3751 2321 3824; x_wconf 78' lang='lat' dir='ltr'>redoleant</span> <span class='ocrx_word' id='word_1_75' title='bbox 2368 3775 2576 3847; x_wconf 83' lang='lat' dir='ltr'>quam</span> 
     </span>
     <span class='ocr_line' id='line_1_14' title="bbox 449 3872 2571 3968; baseline 0 -23"><span class='ocrx_word' id='word_1_76' title='bbox 449 3896 684 3945; x_wconf 83' lang='lat' dir='ltr'>veram</span> <span class='ocrx_word' id='word_1_77' title='bbox 759 3872 1230 3967; x_wconf 81' lang='lat' dir='ltr'>gravibusque</span> <span class='ocrx_word' id='word_1_78' title='bbox 1287 3875 1702 3945; x_wconf 79' lang='lat' dir='ltr'>testimoniis</span> <span class='ocrx_word' id='word_1_79' title='bbox 1762 3874 2110 3947; x_wconf 80' lang='lat' dir='ltr'>firmatam</span> <span class='ocrx_word' id='word_1_80' title='bbox 2179 3876 2571 3968; x_wconf 82' lang='lat' dir='ltr'>historiam,</span> 
     </span>
     <span class='ocr_line' id='line_1_15' title="bbox 448 3984 2579 4095; baseline 0.002 -26"><span class='ocrx_word' id='word_1_81' title='bbox 448 3998 716 4070; x_wconf 88' lang='lat' dir='ltr'>nullum</span> <span class='ocrx_word' id='word_1_82' title='bbox 745 4021 1052 4092; x_wconf 81' lang='lat' dir='ltr'>unquam</span> <span class='ocrx_word' id='word_1_83' title='bbox 1110 3998 1382 4092; x_wconf 74' lang='lat' dir='ltr'>Spartae</span> <span class='ocrx_word' id='word_1_84' title='bbox 1432 3999 1835 4094; x_wconf 82' lang='lat' dir='ltr'>Lycurgum</span> <span class='ocrx_word' id='word_1_85' title='bbox 1883 3984 2094 4072; x_wconf 75' lang='lat' dir='ltr'>fuisse</span> <span class='ocrx_word' id='word_1_86' title='bbox 2143 4002 2372 4095; x_wconf 81' lang='lat' dir='ltr'>potius</span> <span class='ocrx_word' id='word_1_87' title='bbox 2405 4025 2579 4074; x_wconf 86' lang='lat' dir='ltr'>con-</span> 
     </span>
     <span class='ocr_line' id='line_1_16' title="bbox 449 4122 2580 4219; baseline 0.002 -26"><span class='ocrx_word' id='word_1_88' title='bbox 449 4122 733 4194; x_wconf 81' lang='lat' dir='ltr'>tendere</span> <span class='ocrx_word' id='word_1_89' title='bbox 764 4122 1163 4209; x_wconf 83' lang='lat' dir='ltr'>maluerint,</span> <span class='ocrx_word' id='word_1_90' title='bbox 1229 4147 1432 4217; x_wconf 80' lang='lat' dir='ltr'>quam</span> <span class='ocrx_word' id='word_1_91' title='bbox 1491 4125 1883 4219; x_wconf 84' lang='lat' dir='ltr'>disquirere</span> <span class='ocrx_word' id='word_1_92' title='bbox 1933 4134 2164 4196; x_wconf 84' lang='lat' dir='ltr'>utrum</span> <span class='ocrx_word' id='word_1_93' title='bbox 2220 4150 2389 4199; x_wconf 82' lang='lat' dir='ltr'>vera</span> <span class='ocrx_word' id='word_1_94' title='bbox 2438 4128 2580 4198; x_wconf 89' lang='lat' dir='ltr'>sint</span> 
     </span>
     <span class='ocr_line' id='line_1_17' title="bbox 450 4245 2580 4347; baseline 0.002 -29"><span class='ocrx_word' id='word_1_95' title='bbox 450 4271 536 4318; x_wconf 82' lang='lat' dir='ltr'>an</span> <span class='ocrx_word' id='word_1_96' title='bbox 593 4245 767 4318; x_wconf 78' lang='lat' dir='ltr'>falsa</span> <span class='ocrx_word' id='word_1_97' title='bbox 812 4270 972 4341; x_wconf 67' lang='lat' dir='ltr'>quae</span> <span class='ocrx_word' id='word_1_98' title='bbox 1036 4248 1122 4318; x_wconf 82' lang='lat' dir='ltr'>de</span> <span class='ocrx_word' id='word_1_99' title='bbox 1191 4270 1270 4318; x_wconf 93' lang='lat' dir='ltr'>eo</span> <span class='ocrx_word' id='word_1_100' title='bbox 1331 4249 1728 4319; x_wconf 81' lang='lat' dir='ltr'>tradantur.</span> <span class='ocrx_word' id='word_1_101' title='bbox 1792 4250 2027 4322; x_wconf 82' lang='lat' dir='ltr'>Facile</span> <span class='ocrx_word' id='word_1_102' title='bbox 2075 4261 2308 4323; x_wconf 82' lang='lat' dir='ltr'>tamen</span> <span class='ocrx_word' id='word_1_103' title='bbox 2355 4252 2580 4347; x_wconf 87' lang='lat' dir='ltr'>quivis</span> 
     </span>
     <span class='ocr_line' id='line_1_18' title="bbox 450 4373 2583 4466; baseline 0.004 -25"><span class='ocrx_word' id='word_1_104' title='bbox 450 4373 784 4465; x_wconf 77' lang='lat' dir='ltr'>suspicari</span> <span class='ocrx_word' id='word_1_105' title='bbox 812 4373 1031 4465; x_wconf 83' lang='lat' dir='ltr'>possit</span> <span class='ocrx_word' id='word_1_106' title='bbox 1069 4395 1235 4466; x_wconf 81' lang='lat' dir='ltr'>quas</span> <span class='ocrx_word' id='word_1_107' title='bbox 1304 4374 1697 4443; x_wconf 68' lang='lat' dir='ltr'>necessario</span> <span class='ocrx_word' id='word_1_108' title='bbox 1726 4375 2042 4447; x_wconf 88' lang='lat' dir='ltr'>evenisse</span> <span class='ocrx_word' id='word_1_109' title='bbox 2074 4385 2147 4447; x_wconf 93' lang='lat' dir='ltr'>ut</span> <span class='ocrx_word' id='word_1_110' title='bbox 2182 4376 2337 4449; x_wconf 84' lang='lat' dir='ltr'>fuco</span> <span class='ocrx_word' id='word_1_111' title='bbox 2367 4378 2583 4450; x_wconf 89' lang='lat' dir='ltr'>indu-</span> 
     </span>
    </p>
   </div>
  </div>
 </body>
</html>
