<?xml version="1.0" encoding="UTF-8"?>
<!DOCTYPE html PUBLIC "-//W3C//DTD XHTML 1.0 Transitional//EN"
    "http://www.w3.org/TR/xhtml1/DTD/xhtml1-transitional.dtd">
<html xmlns="http://www.w3.org/1999/xhtml" xml:lang="en" lang="en">
 <head>
  <title>
</title>
<meta http-equiv="Content-Type" content="text/html;charset=utf-8" />
  <meta name='ocr-system' content='tesseract 3.04.00' />
  <meta name='ocr-capabilities' content='ocr_page ocr_carea ocr_par ocr_line ocrx_word'/>
</head>
<body>
  <div class='ocr_page' id='page_1' title='image "./delycurgothesis00bazigoog_0153.png"; bbox 0 0 3131 5037; ppageno 0'>
   <div class='ocr_carea' id='block_1_1' title="bbox 1146 1764 1902 1871">
    <p class='ocr_par' dir='ltr' id='par_1_1' title="bbox 1146 1764 1902 1871">
     <span class='ocr_line' id='line_1_1' title="bbox 1146 1764 1902 1871; baseline -0.001 0"><span class='ocrx_word' id='word_1_1' title='bbox 1146 1797 1433 1871; x_wconf 75' lang='lat' dir='ltr'>CAPUT</span> <span class='ocrx_word' id='word_1_2' title='bbox 1487 1764 1902 1871; x_wconf 60' lang='lat' dir='ltr'><strong>DE&#39;GIMUM</strong></span> 
     </span>
    </p>
   </div>
   <div class='ocr_carea' id='block_1_2' title="bbox 446 2018 2587 2370">
    <p class='ocr_par' dir='ltr' id='par_1_2' title="bbox 446 2018 2587 2370">
     <span class='ocr_line' id='line_1_2' title="bbox 784 2018 2248 2075; baseline 0.001 -12"><span class='ocrx_word' id='word_1_3' title='bbox 784 2018 945 2075; x_wconf 82' lang='lat' dir='ltr'>QUAE</span> <span class='ocrx_word' id='word_1_4' title='bbox 979 2021 1215 2064; x_wconf 77' lang='lat' dir='ltr'><strong>ANTEA</strong></span> <span class='ocrx_word' id='word_1_5' title='bbox 1250 2022 1462 2065; x_wconf 85' lang='lat' dir='ltr'>DICTA</span> <span class='ocrx_word' id='word_1_6' title='bbox 1498 2022 1851 2066; x_wconf 81' lang='lat' dir='ltr'>FUERUNT</span> <span class='ocrx_word' id='word_1_7' title='bbox 1888 2021 2248 2065; x_wconf 78' lang='lat' dir='ltr'>BREVITER</span> 
     </span>
     <span class='ocr_line' id='line_1_3' title="bbox 446 2114 2587 2171; baseline 0.001 -13"><span class='ocrx_word' id='word_1_8' title='bbox 446 2114 1046 2171; x_wconf 73' lang='grc' dir='ltr'><strong>ΟΟΝΤΒΑΗΕΝΤΠΒ,</strong></span> <span class='ocrx_word' id='word_1_9' title='bbox 1074 2121 1158 2162; x_wconf 89' lang='grc' dir='ltr'>ΕΤ</span> <span class='ocrx_word' id='word_1_10' title='bbox 1176 2121 1523 2165; x_wconf 84' lang='lat' dir='ltr'><strong>FINIENDO</strong></span> <span class='ocrx_word' id='word_1_11' title='bbox 1552 2119 2091 2165; x_wconf 82' lang='lat' dir='ltr'>EXPLICABI&#39;I&#39;UR</span> <span class='ocrx_word' id='word_1_12' title='bbox 2120 2118 2477 2171; x_wconf 81' lang='lat' dir='ltr'>QUA&#39;NTUM</span> <span class='ocrx_word' id='word_1_13' title='bbox 2498 2118 2587 2160; x_wconf 80' lang='lat' dir='ltr'>AD</span> 
     </span>
     <span class='ocr_line' id='line_1_4' title="bbox 693 2216 2345 2270; baseline 0.001 -13"><span class='ocrx_word' id='word_1_14' title='bbox 693 2216 1240 2260; x_wconf 81' lang='lat' dir='ltr'><strong>INSTITUENDAM</strong></span> <span class='ocrx_word' id='word_1_15' title='bbox 1277 2219 1866 2270; x_wconf 78' lang='lat' dir='ltr'><strong>SERVANDAMQUE</strong></span> <span class='ocrx_word' id='word_1_16' title='bbox 1903 2217 2345 2263; x_wconf 79' lang='lat' dir='ltr'>LYCURGEAM</span> 
     </span>
     <span class='ocr_line' id='line_1_5' title="bbox 465 2284 2522 2370; baseline 0.001 -11"><span class='ocrx_word' id='word_1_17' title='bbox 465 2284 1142 2370; x_wconf 48' lang='lat' dir='ltr'>‘CONSTIQUTIONEM</span> <span class='ocrx_word' id='word_1_18' title='bbox 1169 2317 1589 2362; x_wconf 83' lang='lat' dir='ltr'>DELPHICUM</span> <span class='ocrx_word' id='word_1_19' title='bbox 1618 2318 2013 2363; x_wconf 81' lang='lat' dir='ltr'>ORACULUM</span> <span class='ocrx_word' id='word_1_20' title='bbox 2041 2315 2522 2363; x_wconf 72' lang='lat' dir='ltr'>CONTULERIT.</span> 
     </span>
    </p>
   </div>
   <div class='ocr_carea' id='block_1_3' title="bbox 442 2525 2589 3400">
    <p class='ocr_par' dir='ltr' id='par_1_3' title="bbox 442 2525 2589 3400">
     <span class='ocr_line' id='line_1_6' title="bbox 539 2525 2579 2656; baseline 0.002 -28"><span class='ocrx_word' id='word_1_21' title='bbox 539 2557 721 2635; x_wconf 80' lang='lat' dir='ltr'>Ecce</span> <span class='ocrx_word' id='word_1_22' title='bbox 746 2559 1245 2653; x_wconf 78' lang='lat' dir='ltr'>propemodum</span> <span class='ocrx_word' id='word_1_23' title='bbox 1282 2568 1606 2653; x_wconf 88' lang='lat' dir='ltr'>suscepta</span> <span class='ocrx_word' id='word_1_24' title='bbox 1645 2525 2036 2631; x_wconf 45' lang='lat' dir='ltr'>absoluitur</span> <span class='ocrx_word' id='word_1_25' title='bbox 2076 2584 2290 2656; x_wconf 87' lang='lat' dir='ltr'>opera</span> <span class='ocrx_word' id='word_1_26' title='bbox 2336 2569 2579 2655; x_wconf 85' lang='lat' dir='ltr'>:post-</span> 
     </span>
     <span class='ocr_line' id='line_1_7' title="bbox 445 2681 2582 2783; baseline -0.002 -24"><span class='ocrx_word' id='word_1_27' title='bbox 445 2706 653 2783; x_wconf 86' lang='lat' dir='ltr'><strong>quam</strong></span> <span class='ocrx_word' id='word_1_28' title='bbox 666 2682 875 2772; x_wconf 86' lang='lat' dir='ltr'>enim,</span> <span class='ocrx_word' id='word_1_29' title='bbox 903 2681 1220 2757; x_wconf 80' lang='lat' dir='ltr'><strong>refutatis</strong></span> <span class='ocrx_word' id='word_1_30' title='bbox 1238 2685 1628 2759; x_wconf 82' lang='lat' dir='ltr'>criticorum</span> <span class='ocrx_word' id='word_1_31' title='bbox 1644 2709 1862 2779; x_wconf 93' lang='lat' dir='ltr'>quoru</span> <span class='ocrx_word' id='word_1_32' title='bbox 1872 2685 2101 2756; x_wconf 90' lang='lat' dir='ltr'>mdam</span> <span class='ocrx_word' id='word_1_33' title='bbox 2113 2684 2554 2780; x_wconf 88' lang='lat' dir='ltr'>opinionibus</span> <span class='ocrx_word' id='word_1_34' title='bbox 2563 2738 2582 2773; x_wconf 90' lang='lat'><strong><em>,</em></strong></span> 
     </span>
     <span class='ocr_line' id='line_1_8' title="bbox 446 2806 2585 2904; baseline 0.001 -28"><span class='ocrx_word' id='word_1_35' title='bbox 446 2817 590 2893; x_wconf 68' lang='lat' dir='ltr'>tum</span> <span class='ocrx_word' id='word_1_36' title='bbox 631 2808 934 2903; x_wconf 82' lang='lat' dir='ltr'>aliquem</span> <span class='ocrx_word' id='word_1_37' title='bbox 973 2808 1380 2904; x_wconf 78' lang='lat' dir='ltr'>Lycurgum</span> <span class='ocrx_word' id='word_1_38' title='bbox 1418 2806 1636 2879; x_wconf 86' lang='lat' dir='ltr'>fuisse</span> <span class='ocrx_word' id='word_1_39' title='bbox 1680 2806 2136 2895; x_wconf 85' lang='lat' dir='ltr'>ostendimuS,</span> <span class='ocrx_word' id='word_1_40' title='bbox 2176 2816 2322 2878; x_wconf 92' lang='lat' dir='ltr'>tum</span> <span class='ocrx_word' id='word_1_41' title='bbox 2361 2806 2585 2880; x_wconf 87' lang='lat' dir='ltr'>multa</span> 
     </span>
     <span class='ocr_line' id='line_1_9' title="bbox 445 2931 2586 3026; baseline 0.001 -24"><span class='ocrx_word' id='word_1_42' title='bbox 445 2933 531 3002; x_wconf 92' lang='lat' dir='ltr'>de</span> <span class='ocrx_word' id='word_1_43' title='bbox 576 2954 658 3003; x_wconf 90' lang='lat' dir='ltr'>eo</span> <span class='ocrx_word' id='word_1_44' title='bbox 705 2931 982 3005; x_wconf 88' lang='lat' dir='ltr'>narrari</span> <span class='ocrx_word' id='word_1_45' title='bbox 1018 2953 1174 3026; x_wconf 85' lang='lat' dir='ltr'>quae</span> <span class='ocrx_word' id='word_1_46' title='bbox 1209 2931 1438 3023; x_wconf 90' lang='lat' dir='ltr'>potius</span> <span class='ocrx_word' id='word_1_47' title='bbox 1490 2954 1577 3003; x_wconf 84' lang='lat' dir='ltr'>ex</span> <span class='ocrx_word' id='word_1_48' title='bbox 1607 2931 1930 3003; x_wconf 79' lang='lat' dir='ltr'>uberiore</span> <span class='ocrx_word' id='word_1_49' title='bbox 1962 2931 2271 3025; x_wconf 86' lang='lat' dir='ltr'>cujusvis</span> <span class='ocrx_word' id='word_1_50' title='bbox 2301 2931 2586 3025; x_wconf 83' lang='lat' dir='ltr'>ingenio</span> 
     </span>
     <span class='ocr_line' id='line_1_10' title="bbox 445 3045 2585 3151; baseline 0 -22"><span class='ocrx_word' id='word_1_51' title='bbox 445 3079 652 3150; x_wconf 81' lang='lat' dir='ltr'>quam</span> <span class='ocrx_word' id='word_1_52' title='bbox 707 3079 744 3126; x_wconf 93' lang='lat' dir='ltr'>e</span> <span class='ocrx_word' id='word_1_53' title='bbox 791 3063 986 3129; x_wconf 85' lang='lat' dir='ltr'>certa</span> <span class='ocrx_word' id='word_1_54' title='bbox 1038 3056 1408 3127; x_wconf 82' lang='lat' dir='ltr'>traditione</span> <span class='ocrx_word' id='word_1_55' title='bbox 1438 3055 1644 3128; x_wconf 87' lang='lat' dir='ltr'>ducta</span> <span class='ocrx_word' id='word_1_56' title='bbox 1681 3054 1967 3145; x_wconf 79' lang='lat' dir='ltr'>fuerint,</span> <span class='ocrx_word' id='word_1_57' title='bbox 2015 3045 2585 3151; x_wconf 83' lang='lat' dir='ltr'>chronologicam</span> 
     </span>
     <span class='ocr_line' id='line_1_11' title="bbox 444 3179 2589 3276; baseline 0.001 -27"><span class='ocrx_word' id='word_1_58' title='bbox 444 3203 678 3253; x_wconf 89' lang='lat' dir='ltr'>rerum</span> <span class='ocrx_word' id='word_1_59' title='bbox 769 3180 1353 3275; x_wconf 85' lang='lat' dir='ltr'>computationem</span> <span class='ocrx_word' id='word_1_60' title='bbox 1425 3203 1583 3273; x_wconf 82' lang='lat' dir='ltr'>quae</span> <span class='ocrx_word' id='word_1_61' title='bbox 1670 3179 1757 3251; x_wconf 89' lang='lat' dir='ltr'>de</span> <span class='ocrx_word' id='word_1_62' title='bbox 1833 3181 2185 3276; x_wconf 86' lang='lat' dir='ltr'>prioribus</span> <span class='ocrx_word' id='word_1_63' title='bbox 2271 3182 2589 3254; x_wconf 75' lang='lat' dir='ltr'>historiae</span> 
     </span>
     <span class='ocr_line' id='line_1_12' title="bbox 442 3305 2589 3400; baseline -0 -23"><span class='ocrx_word' id='word_1_64' title='bbox 442 3328 701 3400; x_wconf 84' lang='lat' dir='ltr'>graecae</span> <span class='ocrx_word' id='word_1_65' title='bbox 746 3305 1179 3400; x_wconf 86' lang='lat' dir='ltr'>temporibus</span> <span class='ocrx_word' id='word_1_66' title='bbox 1207 3306 1444 3378; x_wconf 87' lang='lat' dir='ltr'>habita</span> <span class='ocrx_word' id='word_1_67' title='bbox 1494 3316 1597 3377; x_wconf 92' lang='lat' dir='ltr'>est</span> <span class='ocrx_word' id='word_1_68' title='bbox 1635 3307 2206 3395; x_wconf 81' lang='lat' dir='ltr'>examinavimuS,</span> <span class='ocrx_word' id='word_1_69' title='bbox 2260 3306 2589 3378; x_wconf 82' lang='lat' dir='ltr'>animad-</span> 
     </span>
    </p>
   </div>
   <div class='ocr_carea' id='block_1_4' title="bbox 441 3432 2702 3527">
    <p class='ocr_par' dir='ltr' id='par_1_4' title="bbox 441 3432 2702 3527">
     <span class='ocr_line' id='line_1_13' title="bbox 441 3432 2702 3527; baseline 0.003 -25"><span class='ocrx_word' id='word_1_70' title='bbox 441 3433 918 3527; x_wconf 87' lang='lat' dir='ltr'>vertimusque</span> <span class='ocrx_word' id='word_1_71' title='bbox 958 3433 1383 3505; x_wconf 86' lang='lat' dir='ltr'>recentiores</span> <span class='ocrx_word' id='word_1_72' title='bbox 1430 3432 1702 3504; x_wconf 85' lang='lat' dir='ltr'>criticos</span> <span class='ocrx_word' id='word_1_73' title='bbox 1760 3455 2039 3506; x_wconf 88' lang='lat' dir='ltr'>errores</span> <span class='ocrx_word' id='word_1_74' title='bbox 2082 3433 2334 3505; x_wconf 89' lang='lat' dir='ltr'>multos</span> <span class='ocrx_word' id='word_1_75' title='bbox 2385 3455 2588 3505; x_wconf 86' lang='lat' dir='ltr'>coar·</span> <span class='ocrx_word' id='word_1_76' title='bbox 2696 3503 2702 3509; x_wconf 86' lang='lat'><em>.</em></span> 
     </span>
    </p>
   </div>
   <div class='ocr_carea' id='block_1_5' title="bbox 440 3541 2663 4409">
    <p class='ocr_par' dir='ltr' id='par_1_5' title="bbox 440 3541 2663 4409">
     <span class='ocr_line' id='line_1_14' title="bbox 443 3541 2586 3653; baseline 0.001 -25"><span class='ocrx_word' id='word_1_77' title='bbox 443 3557 683 3650; x_wconf 83' lang='lat' dir='ltr'>guisse</span> <span class='ocrx_word' id='word_1_78' title='bbox 722 3557 793 3627; x_wconf 91' lang='lat' dir='ltr'>in</span> <span class='ocrx_word' id='word_1_79' title='bbox 831 3557 1039 3629; x_wconf 90' lang='lat' dir='ltr'>rebus</span> <span class='ocrx_word' id='word_1_80' title='bbox 1082 3541 1238 3652; x_wconf 68' lang='lat' dir='ltr'>quae</span> <span class='ocrx_word' id='word_1_81' title='bbox 1274 3557 1359 3629; x_wconf 92' lang='lat' dir='ltr'>de</span> <span class='ocrx_word' id='word_1_82' title='bbox 1393 3566 1600 3629; x_wconf 79' lang='lat' dir='ltr'>aetate</span> <span class='ocrx_word' id='word_1_83' title='bbox 1632 3558 2164 3652; x_wconf 86' lang='lat' dir='ltr'>Olympiadibus</span> <span class='ocrx_word' id='word_1_84' title='bbox 2193 3558 2586 3653; x_wconf 83' lang='lat' dir='ltr'>antiquiore</span> 
     </span>
     <span class='ocr_line' id='line_1_15' title="bbox 442 3682 2588 3776; baseline 0.001 -24"><span class='ocrx_word' id='word_1_85' title='bbox 442 3704 485 3753; x_wconf 86' lang='lat' dir='ltr'>a</span> <span class='ocrx_word' id='word_1_86' title='bbox 534 3685 887 3753; x_wconf 85' lang='lat' dir='ltr'>veteribus</span> <span class='ocrx_word' id='word_1_87' title='bbox 946 3682 1351 3754; x_wconf 89' lang='lat' dir='ltr'>auctoribus</span> <span class='ocrx_word' id='word_1_88' title='bbox 1423 3682 1959 3757; x_wconf 78' lang='lat' dir='ltr'>enarrabantur.</span> <span class='ocrx_word' id='word_1_89' title='bbox 2028 3683 2197 3755; x_wconf 92' lang='lat' dir='ltr'>Inde</span> <span class='ocrx_word' id='word_1_90' title='bbox 2247 3684 2588 3776; x_wconf 53' lang='lat' dir='ltr'>augurati</span> 
     </span>
     <span class='ocr_line' id='line_1_16' title="bbox 441 3805 2663 3902; baseline 0 -24"><span class='ocrx_word' id='word_1_91' title='bbox 441 3829 679 3878; x_wconf 85' lang='lat' dir='ltr'>sumus</span> <span class='ocrx_word' id='word_1_92' title='bbox 719 3805 870 3878; x_wconf 89' lang='lat' dir='ltr'>fieri</span> <span class='ocrx_word' id='word_1_93' title='bbox 916 3829 1118 3900; x_wconf 90' lang='lat' dir='ltr'>posse</span> <span class='ocrx_word' id='word_1_94' title='bbox 1183 3817 1257 3878; x_wconf 91' lang='lat' dir='ltr'>ut</span> <span class='ocrx_word' id='word_1_95' title='bbox 1307 3830 1465 3902; x_wconf 86' lang='lat' dir='ltr'>quae</span> <span class='ocrx_word' id='word_1_96' title='bbox 1508 3807 1595 3878; x_wconf 88' lang='lat' dir='ltr'>de</span> <span class='ocrx_word' id='word_1_97' title='bbox 1638 3808 1976 3902; x_wconf 83' lang='lat' dir='ltr'>lycurgeo</span> <span class='ocrx_word' id='word_1_98' title='bbox 2018 3819 2330 3901; x_wconf 87' lang='lat' dir='ltr'>temporo</span> <span class='ocrx_word' id='word_1_99' title='bbox 2375 3820 2445 3880; x_wconf 89' lang='lat' dir='ltr'>ct</span> <span class='ocrx_word' id='word_1_100' title='bbox 2498 3807 2585 3879; x_wconf 92' lang='lat' dir='ltr'>de</span> <span class='ocrx_word' id='word_1_101' title='bbox 2657 3810 2663 3815; x_wconf 77' lang='grc'><em>’</em></span> 
     </span>
     <span class='ocr_line' id='line_1_17' title="bbox 441 3924 2582 4028; baseline 0.001 -26"><span class='ocrx_word' id='word_1_102' title='bbox 441 3924 724 4003; x_wconf 91' lang='lat' dir='ltr'>subacta</span> <span class='ocrx_word' id='word_1_103' title='bbox 766 3953 808 4002; x_wconf 94' lang='lat' dir='ltr'>a</span> <span class='ocrx_word' id='word_1_104' title='bbox 838 3931 1294 4003; x_wconf 88' lang='lat' dir='ltr'>Doriensibus</span> <span class='ocrx_word' id='word_1_105' title='bbox 1333 3932 1820 4027; x_wconf 87' lang='lat' dir='ltr'>Peloponneso</span> <span class='ocrx_word' id='word_1_106' title='bbox 1861 3933 2261 4020; x_wconf 84' lang='lat' dir='ltr'>traduntur,</span> <span class='ocrx_word' id='word_1_107' title='bbox 2298 3934 2582 4028; x_wconf 90' lang='lat' dir='ltr'>paulum</span> 
     </span>
     <span class='ocr_line' id='line_1_18' title="bbox 440 4055 2587 4151; baseline 0.001 -25"><span class='ocrx_word' id='word_1_108' title='bbox 440 4077 482 4126; x_wconf 92' lang='lat' dir='ltr'>a</span> <span class='ocrx_word' id='word_1_109' title='bbox 515 4056 818 4128; x_wconf 89' lang='lat' dir='ltr'>veritate</span> <span class='ocrx_word' id='word_1_110' title='bbox 852 4055 1237 4130; x_wconf 86' lang='lat' dir='ltr'>discedant.</span> <span class='ocrx_word' id='word_1_111' title='bbox 1272 4056 1349 4126; x_wconf 87' lang='lat' dir='ltr'>In</span> <span class='ocrx_word' id='word_1_112' title='bbox 1382 4058 1791 4129; x_wconf 90' lang='lat' dir='ltr'>memoriam</span> <span class='ocrx_word' id='word_1_113' title='bbox 1831 4057 2050 4151; x_wconf 83' lang='lat' dir='ltr'>igitur</span> <span class='ocrx_word' id='word_1_114' title='bbox 2099 4056 2448 4130; x_wconf 88' lang='lat' dir='ltr'>revocatis</span> <span class='ocrx_word' id='word_1_115' title='bbox 2486 4058 2587 4129; x_wconf 87' lang='lat' dir='ltr'>eis</span> 
     </span>
     <span class='ocr_line' id='line_1_19' title="bbox 444 4181 2584 4280; baseline 0.001 -27"><span class='ocrx_word' id='word_1_116' title='bbox 444 4205 601 4276; x_wconf 90' lang='lat' dir='ltr'>quae</span> <span class='ocrx_word' id='word_1_117' title='bbox 656 4181 1078 4271; x_wconf 84' lang='lat' dir='ltr'>HerodotuS,</span> <span class='ocrx_word' id='word_1_118' title='bbox 1145 4182 1544 4277; x_wconf 89' lang='lat' dir='ltr'>Xenophon</span> <span class='ocrx_word' id='word_1_119' title='bbox 1593 4182 2180 4280; x_wconf 86' lang='lat' dir='ltr'>Thucydidesque</span> <span class='ocrx_word' id='word_1_120' title='bbox 2244 4183 2331 4255; x_wconf 89' lang='lat' dir='ltr'>de</span> <span class='ocrx_word' id='word_1_121' title='bbox 2376 4206 2459 4255; x_wconf 90' lang='lat' dir='ltr'>ea</span> <span class='ocrx_word' id='word_1_122' title='bbox 2504 4207 2584 4255; x_wconf 92' lang='lat' dir='ltr'>re</span> 
     </span>
     <span class='ocr_line' id='line_1_20' title="bbox 440 4306 2588 4409; baseline 0.001 -32"><span class='ocrx_word' id='word_1_123' title='bbox 440 4306 860 4399; x_wconf 78' lang='lat' dir='ltr'>attulerunt,</span> <span class='ocrx_word' id='word_1_124' title='bbox 902 4317 1333 4406; x_wconf 88' lang='lat' dir='ltr'>compertum</span> <span class='ocrx_word' id='word_1_125' title='bbox 1385 4306 1761 4383; x_wconf 88' lang='lat' dir='ltr'>habuimus</span> <span class='ocrx_word' id='word_1_126' title='bbox 1810 4308 1939 4385; x_wconf 90' lang='lat' dir='ltr'>has</span> <span class='ocrx_word' id='word_1_127' title='bbox 1988 4306 2383 4409; x_wconf 80' lang='lat' dir='ltr'>opinioneS‚</span> <span class='ocrx_word' id='word_1_128' title='bbox 2426 4331 2588 4408; x_wconf 88' lang='lat' dir='ltr'>quae</span> 
     </span>
    </p>
   </div>
  </div>
 </body>
</html>
