3131 5037
1157 592 1458 645 'CAPUT
1491 590 1878 653 QUINTUM
2530 593 2591 646 57

455 716 744 814 gravate
765 720 1079 793 homines
1096 723 1678 815 amplecterentur
1707 721 1866 792 rudi
1890 721 2163 792 militiae
2191 708 2586 811 assuefacti,

456 869 667 942 quam
690 846 1086 919 necessario
1113 854 1436 939 egerant,
1462 846 1657 930 dum,
1675 870 1713 917 e
1736 845 2265 941 septentrionali
2295 845 2594 918 Graeciae

456 982 652 1068 parte
709 972 1026 1069 profecti,
1097 997 1221 1069 per
1285 971 1570 1045 infestas
1624 979 1903 1065 genteS,
1974 981 2049 1044 ut
2113 952 2594 1068 Peloponneso

454 1088 874 1196 potirentur,
916 1098 1166 1170 armati
1205 1100 1338 1171 iter
1384 1097 1752 1170 faciebant.

553 1226 736 1298 Illud
764 1235 995 1298 autem
1037 1246 1174 1321 quo
1228 1225 1473 1296 melius
1520 1223 2016 1318 dijudicemuS,
2054 1224 2435 1296 videndum
2475 1226 2595 1320 qui

455 1352 668 1426 fuerit
706 1352 1094 1424 incolarum
1145 1352 1360 1445 hujus
1420 1349 1732 1443 regionis
1770 1348 1935 1420 vitae
1985 1348 2237 1441 cultus,
2284 1357 2604 1445 tempore·

452 1478 898 1551 Doriensium
955 1476 1418 1571 irruptionem
1474 1475 1949 1570 lycurgeaque
2011 1473 2327 1577 *instituta
2384 1485 2595 1548 ante-

453 1604 766 1676 cedente.
2419 1678 2424 1682 .

551 1731 724 1801 Haec
756 1729 907 1823 ipsa
943 1751 1058 1800 res
1090 1752 1233 1800 non
1263 1724 1531 1802 minimi
1567 1729 1848 1824 quidem
1890 1730 2151 1802 laboris
2201 1739 2331 1817 est,
2385 1754 2596 1825 quum

454 1843 556 1926 nil
613 1853 767 1927 fere·
811 1863 1070 1949 praeter
1131 1854 1487 1927 homerica
1540 1854 1854 1925 carmina
1913 1855 2003 1926 ad
2063 1854 2259 1926 illam
2318 1862 2596 1927 aetatem

453 1979 936 2051 illustrandam
976 1977 1164 2072 apud
1205 1987 1526 2050 auctores
1568 1978 1986 2071 reperiatur,
2026 1979 2596 2075 Achaeorumque

454 2105 713 2178 cultum
762 2104 881 2199 qui
909 2103 1145 2176 animo
1176 2102 1518 2196 effingere
1556 2104 1768 2198 cupit,
1803 2105 1875 2174 in
1931 2105 2345 2177 memoriam
2396 2129 2596 2178 suam

454 2238 737 2303 revocet
758 2252 1043 2301 necesse
1060 2238 1164 2302 est
1181 2221 1441 2304 moenia
1461 2227 1582 2298 illa
1606 2227 1981 2323 Tirynthis
2001 2230 2600 2326 Mycenarumque

455 2355 810 2449 congestis
841 2353 1024 2427 saxis
1051 2363 1511 2447 exaggerata,
1540 2351 1980 2425 substructos
2007 2354 2169 2426 illos
2204 2355 2592 2444 thesaurOS,

458 2480 676 2576 qualis
715 2490 821 2553 est
860 2479 1113 2573 Atraei,
1147 2477 1585 2574 superbaque
1625 2479 1698 2550 in
1754 2479 1958 2553 editis
2001 2480 2172 2552 locis
2231 2481 2597 2575 surgentia

455 2605 766 2678 castella.
814 2606 963 2678 Nec
1004 2628 1250 2703 parum
1290 2604 1591 2675 adrem
1641 2605 2028 2698 proderunt
2090 2607 2597 2701 pretiosissima

455 2731 593 2836 inq„
632 2731 888 2825 omnia,
927 2755 1081 2827 quae
1149 2730 1361 2802 nobili
1407 2729 1717 2802 scientiae
1776 2753 2022 2803 amore·
2066 2735 2379 2804 succensi
2430 2727 2616 2822 viri,

458 2856 672 2928 multo
717 2855 987 2944 labore,
1051 2856 1404 2950 multaque
1451 2855 1790 2949 impensa,
1844 2854 1974 2925 sub
2025 2865 2214 2927 terra
2263 2853 2591 2946 fodend0‚

459 2984 531 3053 in
587 2982 816 3054 lucem
872 2980 1257 3077 protulere,
1323 2978 1698 3052 manifesta
1748 2980 2288 3074 magnificentiae
2348 2983 2599 3054 horum

457 3106 877 3203 populorum
908 3107 1351 3178 documenta.
1848 3104 1854 3111 ’
2301 3107 2312 3118 ‘

556 3234 631 3305 Si
678 3217 1061 3329 quis'enim
1104 3255 1185 3304 ea
1235 3231 1633 3303 consideret
1669 3231 1761 3303 ab
1796 3233 2103 3325 ‚egregio
2135 3233 2287 3304 viro
2337 3234 2599 3306 Schlie-

461 3356 752 3432 manno¹
776 3356 843 3428 in
871 3355 1246 3452 sepulturis
1273 3365 1573 3452 reperta,
1602 3380 1761 3452 quae
1790 3364 2027 3427 utrum
2050 3357 2599 3450 Agamemnonis

459 3482 601 3557 sint
627 3507 866 3556 annon
915 3506 1163 3576 parum
1200 3482 1441 3571 refert,
1485 3506 1642 3577 quae
1697 3491 1932 3553 tamen
1979 3506 2118 3554 non
2165 3484 2264 3554 ita
2314 3495 2599 3557 remotae

460 3602 614 3682 esse
658 3609 984 3681 videntur
1020 3608 1107 3680 ab
1148 3607 1269 3679 illo
1312 3607 1420 3679 cui
1463 3607 1823 3679 studemus
1857 3616 2165 3702 tempore
2202 3608 2598 3706 (Mycenaeo

461 3735 648 3807 enim
715 3733 928 3806 cultui
983 3742 1309 3829 quartum
1380 3730 1727 3804 decimum
1794 3732 2129 3804 saeculum
2190 3734 2600 3826 assignabat

462 3859 930 3948 doctissimus,
974 3859 1091 3953 qui
1133 3867 1401 3930 tantum
1441 3858 1550 3929 sui
1580 3881 1804 3951 nuper
1852 3857 2274 3930 desiderium
2324 3859 2600 3955 reliquit

527 4218 542 4253 ¹
580 4209 958 4270 Scamnuaxm
996 4212 1272 4274 Mycena,
1319 4213 1450 4261 recit
1479 4211 1572 4261 des
1607 4212 1941 4263 deeouvertes
1978 4213 2130 4265 saites
2158 4218 2189 4264 a
2219 4217 2457 4278 Mycenes
2490 4221 2539 4264 et
2572 4217 2602 4263 a

456 4289 721 4354 Tirynthe,
751 4305 874 4340 avec
895 4306 993 4340 une
1017 4290 1223 4357 preface
1245 4291 1310 4341 de
1332 4292 1402 4341 M.
1433 4291 1735 4343 Gladstone.
1767 4294 2007 4357 Ouvrage
2029 4294 2220 4345 traduit
2250 4296 2314 4345 de
2343 4295 2600 4360 l’anglai8‚

459 4384 583 4421 avec
610 4369 987 4421 l’autorisation
1020 4372 1084 4421 de
1116 4371 1334 4422 l'auteur
1365 4387 1458 4437 par
1489 4375 1539 4425 J.
1575 4373 1844 4432 Girardin,
1877 4374 2047 4437 Paris,
2076 4377 2244 4427 1879.:
2272 4404 2277 4410 ·

2323 4486 2356 4535 5
