3131 5037
539 600 598 654 18
1349 603 1447 652 DE
1494 596 1871 651 LY'CURGO
1912 637 1914 640 Α

553 774 561 777 v
603 737 1047 832 -Praecipuos
1119 736 1267 828 jam
1359 752 1579 803 nunc*
1622 727 2076 802 lustravimus
2165 736 2485 799 auctores
2566 728 2681 820 qui

538 865 874 957 lycurgea
929 855 1246 955 tempora
1299 860 1385 931 ab
1424 857 1793 930 eversione
1854 852 2126 947 Trojae,³
2183 852 2294 924 vel
2359 876 2398 924 a
2453 851 2680 923 reditu

539 987 1071 1061 Heraclidarum
1140 993 1562 1079 computant.
1638 981 1815 1053 Sunt
1855 980 1995 1075 'qui
2066 979 2277 1051 aliam
2308 977 2681 1049 adhibeant

539 1112 1002 1188 ratiocinandi
1039 1113 1248 1201 viam,
1294 1104 1374 1182 'et
1419 1108 1509 1181 ab
1559 1116 1769 1180 aetate
1810 1103 2126 1193 Homeri,
2182 1104 2301 1200 qui
2342 1100 2680 1199 'spartani

538 1239 966 1333 legislatoris
1025 1237 1322 1333 aequalis
1389 1234 1628 1324 fuerit,
1705 1233 1912 1329 hujus
1980 1241 2260 1317 aetatem
2329 1227 2679 1300 deducere

539 1357 951 1437 conentur¹.

638 1491 1154 1568 pretiosissima
1202 1488 1481 1585 quidem
1537 1482 1659 1558 illa
1704 1484 2258 1577 forentindicia,
2327 1486 2386 1555 si
2445 1490 2681 1555 certus

540 1617 844 1695 Homero
899 1637 1131 1687 annus
1176 1613 1451 1685 definiri
1506 1624 1759 1706 posset.
1803 1612 1925 1683 Nil
1983 1622 2213 1684 autem
2270 1611 2502 1704 magis
2560 1610 2680 1681 in·-

518 1725 804 1813 ‘certum
833 1766 847 1812 :
891 1763 1081 1830 nam,
1108 1748 1571 1834 praeterquam
1601 1740 1786 1831 quod
1807 1737 2086 1810 nullum
2116 1759 2427 1832 unquam
2460 1733 2680 1807 fuisse

541 1866 951 1938 Homerum
1003 1864 1207 1936 multi
1280 1876 1441 1938 sunt
1515 1866 1631 1960 qui
1711 1886 1897 1935 nunc
1969 1860 2426 1949 contendant,
2509 1859 2572 1930 ei
2643 1880 2684 1929 a

541 1991 899 2062 veteribus
958 2000 1109 2062 octo
1166 1988 1644 2062 diversissima
1700 1988 2050 2082 adscripta
2109 1996 2273 2060 sunt
2334 1997 2676 2079 tempora,

540 2139 697 2211 quae
752 2114 1281 2189 CCCCLXXIV
1320 2138 1663 2187 annorum
1704 2115 1928 2209 spatio
1982 2114 2172 2187 inter
2217 2136 2293 2184 se
2330 2105 2674 2183 distant²t

542 2252 614 2313 ut
691 2240 1193 2313 philostratum
1279 2240 1630 2329 omittam,
1705 2242 1824 2334 qui
1900 2263 2061 2309 cum
2145 2234 2680 2311 CCCLXXXIII
2761 2282 2764 2285 -

541 2367 742 2439 annis
781 2376 946 2438 ante
994 2367 1286 2459 primam
1334 2374 1774 2438 numeratam
1825 2363 2307 2458 Olympiadem
2349 2359 2677 2455 ponebat,

539 2493 859 2566 eumdem
911 2493 1179 2583 Crates,
1217 2514 1296 2563 eo
1346 2491 1529 2587 quod
1570 2492 1669 2563 nil
1707 2492 1780 2561 in
1831 2490 2043 2562 Iliade
2092 2489 2178 2561 de
2219 2485 2683 2559 Doriensibus

538 2616 605 2685 in
659 2614 1139 2707 Peloponneso
1178 2613 1662 2687 habitantibus
1710 2616 2128 2712 reperiebat,
2171 2625 2331 2686 ante
2379 2612 2680 2683 reditum

540 2739 1078 2812 Heraclidarum
1110 2740 1705 2826 vixissediccbat.
1751 2741 2241 2836 Theopompus
2281 2747 2540 2823 autem,
2605 2744 2681 2806 ut

541 2865 623 2939 oa
680 2867 991 2938 i'ntcrse
1051 2868 1346 2937 maxime
1399 2868 1860 2962 discrepantia
1915 2866 2241 2954 referam,
2293 2866 2680 2936 Homerum

540 2992 766 3087 lydico
802 2994 954 3083 regi
1002 2992 1260 3086 nyoe,
1315 2993 1434 3088 qui
1477 2994 1562 3065 ab
1604 3017 1788 3065 anno
1826 2990 2447 3087 septingentesimo
2483 2996 2684 3060 octa-

541 3117 627 3189 vo
681 3118 768 3189 ad
829 3140 1086 3188 annum
1145 3119 1726 3190 sexcentesimum
1792 3117 2285 3210 octagesimum
2358 3114 2681 3209 quintum

539 3245 895 3339 regnavit,
943 3242 1528 3339 aequalem‘fuisse
1568 3244 2113 3317 contendebatss.

636 3491 744 3562 Ex
772 3491 882 3588 his
911 3499 1197 3590 apparet
1228 3490 1332 3561 nil
1361 3490 1448 3561 ad
1469 3490 1877 3587 lycurgeam
1900 3500 2180 3591 aetatem
2210 3490 2677 3563 definiendam
2751 3493 2768 3499 ’

539 3614 1139 3711 proficerc‘quam
1186 3612 1597 3687 affinitatem
1646 3615 1925 3710 vquidam
1970 3617 2124 3709 'ejus
2162 3640 2320 3686 cum
2366 3589 2676 3686 Homero

540 3739 989 3814 commentati
1032 3751 1220 3812 sunt.
2166 3749 2174 3755 “
2623 3713 2649 3738 ”

544 3867 547 3875 '
637 3867 1078 3941 Nec‘melius
1108 3866 1197 3939 'ad
1229 3890 1378 3939 rem
1409 3867 1811 3939 solvendam
1846 3864 2142 3960 profert,
2178 3865 2366 3961 quod
2395 3890 2683 3949 consuess

605 4142 622 4177 ¹
661 4140 738 4190 Cf.
779 4141 889 4192 Cic,
924 4141 1201 4204 Respubl„
1233 4143 1299 4198 11,
1331 4143 1406 4190 10.

571 4221 624 4279 2²
657 4221 713 4348 ἓ.
752 4221 954 4278 Parsa,
1004 4223 1311 4283 Zeiteafeln
1355 4224 1454 4270 der
1495 4223 1881 4285 yriechischen
1928 4225 2262 4273 Geso-hicme.
2323 4223 2493 4278 Halle,
2540 4223 2683 4279 1837,

542 4317 592 4365 p.
629 4302 652 4349 1
691 4336 704 4352 .

598 4382 620 4417 3
651 4382 856 4431 Tanton.
892 4396 976 4446 ap.
1010 4381 1182 4432 Cum.
1214 4384 1385 4433 Αιεκ.
1421 4385 1711 4440 stromat„
1740 4386 1776 4445 l,
1811 4399 1856 4447 p.
1890 4382 2029 4434 327..
