3131 5037
585 586 679 638 116
1399 588 1499 638 DE
1540 587 1921 641 LYCURGO

519 733 522 736 ’
583 741 739 790 esse
765 721 1030 812 putem.
1049 719 1167 813 qui
1191 718 1363 790 nihil
1396 743 1534 790 non
1562 720 1652 790 ad
1675 720 1969 791 moralia
2008 717 2247 806 refert,
2281 717 2429 790 veri
2449 718 2724 812 partem

582 842 943 917 includere
973 867 1390 939 persuasum
1421 844 1677 936 habe0,
1708 848 1791 946 eo
1831 845 2011 941 quod
2041 853 2281 939 aperte
2308 852 2545 938 pateat
2577 844 2727 914 haec

532 1044 542 1054 ,
582 994 625 1042 a
660 970 984 1065 Lycurgo
1007 969 1325 1043 instituta
1342 969 1568 1042 'fuisse
1593 970 1940 1061 convivia,
1977 979 2123 1041 tum
2155 977 2228 1041 ut
2267 970 2479 1040 sobrii
2534 969 2725 1040 cives

582 1094 929 1184 viverent,
965 1104 1111 1165 turn
1164 1104 1240 1167 ut
1282 1096 1608 1168 amicitiae
1665 1095 1886 1166 nodos
1949 1096 2297 1167 communi
2339 1092 2458 1164 illo
2524 1117 2727 1165 com-

582 1219 842 1292 mercio
862 1221 1265 1314 jungerent,
1291 1220 1483 1293 Adde
1513 1220 1722 1315 quod,
1742 1221 1972 1292 mixtis
1999 1220 2287 1292 senibus
2308 1218 2727 1313 juvenibus-

583 1369 741 1441 que,
784 1352 852 1417 et
913 1345 1324 1441 plerumque
1390 1345 1625 1439 pueris
1689 1347 1760 1416 in
1825 1347 2223 1420 societatem
2291 1344 2575 1431 vocatis,
2649 1351 2729 1414 ut

581 1473 954 1547 utilitatem
1003 1497 1042 1545 e
1082 1471 1494 1567 sapientium
1533 1471 1900 1544 hominum
1953 1472 2314 1568 colloquiis
2350 1475 2722 1566 caperent,

580 1623 868 1673 necesse
942 1610 1095 1673 erat
1165 1603 1509 1697 quemque
1577 1600 1887 1673 sedulius
1959 1599 2147 1672 facta
2210 1600 2530 1695 dictaque
2598 1620 2728 1669 sua

581 1726 1138 1821 circumspicere,
1191 1727 1441 1799 nedum
1482 1724 1693 1821 genio
1738 1751 1860 1799 suo
1909 1727 2279 1798 libidinose
2311 1721 2721 1798 inserviret.

578 1851 805 1937 Quum
846 1849 1078 1926 autem
1108 1855 1407 1925 conviva
1452 1854 1746 1949 quisque
1796 1877 1883 1925 ex
1932 1855 2244 1925 omnium
2288 1852 2727 1947 cooptatione

561 1978 1110 2069 adscisceretur,
1158 1988 1409 2051 natura
1455 1980 1669 2052 fiebat
1714 1990 1791 2051 ut
1831 1977 2145 2051 mutuum
2185 1980 2487 2050 invicem
2516 1975 2756 2050 auxi?

577 2104 744 2175 lium
768 2104 951 2175 inter
973 2129 1047 2176 se
1079 2114 1521 2197 praestarent,
1559 2107 1673 2200 qui
1710 2105 2019 2199 ejusdem
2050 2103 2325 2199 syssitz'i
2355 2103 2728 2199 participes

580 2238 815 2313 erant;
857 2240 1189 2324 quantum
1220 2230 1395 2301 illud
1435 2229 1524 2301 ad
1555 2254 1701 2301 rem
1745 2230 2119 2302 militarem
2162 2228 2568 2324 profecerit,
2609 2227 2730 2297 vix

579 2351 748 2449 opus
806 2364 909 2426 est
974 2353 1206 2425 dicere
1242 2379 1258 2424 z
1301 2378 1434 2449 quo
1495 2356 1651 2449 quis
1708 2346 1897 2427 enim
1950 2328 2442 2426 commilitibus
2496 2353 2729 2447 magis

580 2477 933 2551 confidere
966 2501 1169 2573 posse
1207 2479 1620 2572 arbitratur,
1658 2503 1737 2552 eo
1767 2478 2128 2553 fortiorem
2164 2480 2343 2552 sein
2375 2476 2729 2551 communi

579 2603 888 2699 periculo
919 2600 1171 2697 gerere
1215 2602 1416 2676 solet.

676 2727 861 2814 Quid
897 2729 1187 2799 rationis
1209 2729 1407 2799 =inter
1442 2729 1728 2816 syssitia
1759 2740 2305 2825 spartanumque
2333 2729 2721 2801 exercitum

576 2852 1051 2923 intercesserit
1103 2852 1464 2923 enucleate
1519 2853 1824 2925 ostendit
1874 2853 2566 2942 Bielschowskius1,
2609 2854 2728 2947 qui

578 2975 776 3047 illam
815 2986 1085 3069 partem
1129 2976 1493 3069 quamdam
1534 3001 1671 3047 non
1711 2978 1806 3048 ita
1844 3000 2168 3070 magnam
2199 2976 2417 3049 fuisse
2458 2976 2730 3047 militiae
2788 3066 2801 3071 „

580 3100 772 3172 dicit.
799 3101 974 3185 Quae
1004 3123 1175 3170 vero
1205 3123 1243 3171 e
1280 3099 1435 3172 vita
1467 3102 1531 3171 A
1540 3101 1733 3192 yidis
1753 3099 1781 3143 2
1807 3103 1989 3196 apud
2027 3103 2489 3173 Plutarchum
2531 3097 2732 3174 diffi-

580 3226 804 3297 cultas
864 3224 1117 3308 oritur‚
1161 3224 1425 3295 scilicet
1474 3248 1714 3297 omnes
1760 3227 2166 3322 spartiatas
2205 3227 2277 3297 in
2319 3211 2730 3321 quindecim

579 3354 1042 3425 ducentorum
1078 3351 1195 3424 vel
1227 3360 1702 3423 trecentorum
1729 3349 2087 3420 hominum
2112 3346 2426 3444 sys'sitiis
2456 3348 2724 3419 divisos

579 3500 760 3578 esse,
792 3476 1001 3548 solvit
1033 3475 1343 3546 docendo
1375 3474 1835 3568 probabiliter
1866 3472 2017 3544 fieri
2040 3499 2043 3501 ·
2064 3483 2138 3545 ut
2178 3472 2252 3543 in
2295 3472 2724 3546 Plutarcheo

617 3600 932 3672 illotextu
967 3599 1293 3672 mendum
1323 3608 1546 3670 exstet
1584 3623 1598 3668 ε
1637 3598 1863 3668 locum
1896 3598 2082 3669 enim
2115 3598 2228 3693 qui
2268 3596 2489 3690 vulgo
2534 3600 2727 3669 scri-

579 3725 767 3798 bitur
792 3750 808 3796 :
836 3723 1104 3803 σύνταξιν
1129 3723 1191 3792 δὲ
1210 3721 1414 3792 τούτων
1432 3723 1525 3800 ἐἷς
1541 3722 1962 3791 πεντεκαίδεκα
1979 3721 2250 3816 γενέσθαι
2275 3720 2530 3816 φιδίτια,
2569 3723 2729 3792 nato?

576 3851 970 3946 τετρακοσίους
1006 3850 1109 3917 καὶ
1162 3847 1509 3938 διακοσίους,
1556 3849 1651 3919 ita
1688 3849 1861 3940 legit
1905 3872 1920 3917 τ
1976 3846 2246 3926 σύνταξιν
2289 3846 2354 3914 δέ
2401 3847 2614 3918 τούτων
2645 3850 2730 3928 εἷς

643 4134 661 4168 ¹
697 4133 1139 4189 anscnowsm‚
1180 4131 1276 4191 Op.
1312 4129 1427 4187 cit„
1461 4144 1510 4192 p.
1542 4127 1624 4178 30.
1648 4155 1708 4165 -
1738 4127 1815 4178 Cf.
1862 4128 2126 4190 Tamum,
2162 4132 2567 4193 Forschunyen
2614 4143 2732 4178 zur

576 4210 1009 4274 spartanisohen
1036 4209 1736 4272 Versassunqsyeschichte,
1755 4223 1866 4273 cap.
1889 4210 2060 4260 ItDie
2083 4210 2476 4274 spartanisohe
2500 4210 2732 4260 Heeres·

578 4288 986 4354 oryamisation.
1178 4287 1181 4291 ’
2550 4296 2558 4304 ’

642 4368 666 4404 ²
697 4369 862 4418 Pnu'r.
886 4367 1085 4434 Aqidis
1113 4366 1253 4428 vita,
1283 4366 1422 4426 VIII,
1452 4366 1504 4418 2.
