3131 5037
523 614 588 667 68
1335 612 1435 664 DE
1471 614 1852 667 LYCURGO

524 746 794 834 obrem,
840 752 981 814 tam
1030 767 1115 814 ex
1146 742 1445 830 Achaeis,
1504 753 1579 814 ut
1613 742 1890 837 opinor,
1944 767 2150 839 quam
2200 765 2238 814 e
2288 742 2661 837 praecipuis

524 868 973 943 Doriensibus
990 867 1180 939 illam
1201 867 1502 940 instituit
1525 867 1980 958 nobilitatem,
2008 890 2166 962 quae
2187 867 2660 939 severissimae

524 995 908 1091 disciplinae
985 993 1316 1081 obnoxia,
1401 1002 1544 1064 tota
1619 994 1690 1063 in
1773 993 2281 1066 defendendam
2361 993 2662 1088 patriam

522 1122 996 1206 incumbebat3
1025 1120 1209 1205 aliis,
1222 1118 1565 1214 perioeois
1588 1119 1871 1200 scilicet,
1901 1120 2017 1215 qui
2040 1121 2388 1193 mitiorem
2415 1121 2656 1205 vitam,

522 1246 653 1319 etsi
695 1246 927 1320 minus
964 1246 1399 1336 honoratam,
1426 1245 1964 1340 anteponebant,
1996 1246 2357 1338 negotium
2393 1256 2659 1317 artem·

521 1395 659 1468 que
738 1394 1097 1467 operosam
1193 1365 1540 1462 attribuit}
1634 1370 1904 1459 ἢίίοιίε,
1992 1370 2306 1442 colendae
2398 1379 2611 1441 terrae
2639 1422 2657 1456 ,

523 1495 956 1566 dominorum
1024 1495 1203 1587 1000,
1266 1496 1516 1592 quibus
1581 1496 1997 1591 praefinitam
2067 1494 2328 1589 segetis
2387 1502 2663 1590 partem

523 1619 933 1710 afferebant,
977 1644 1146 1693 eura
1183 1620 1733 1717 relinquebatur.

618 1746 1070 1841 anuoque,
1103 1769 1261 1842 quae
1313 1747 1402 1817 ad
1437 1748 1711 1842 politica
1753 1748 1925 1842 jura
1960 1747 2431 1842 pertinebant,
2464 1768 2665 1817 com-

522 1871 779 1965 posuit.

620 1997 827 2067 Nunc
878 1996 1437 2069 animadvertere
1490 1994 1791 2069 sufficiat
1841 2020 2029 2087 eum,
2074 2019 2156 2067 eo
2207 1994 2484 2068 facilius
2538 2017 2670 2067 sua

521 2123 834 2194 instituta
875 2121 1305 2215 probavisse,
1352 2121 1535 2218 quod
1564 2122 1822 2195 defessi
1863 2145 2105 2193 omnes
2143 2130 2379 2193 essent
2407 2118 2668 2192 confu-

526 2250 723 2321 sione
757 2256 825 2319 et
857 2247 1154 2320 tumultu
1203 2273 1411 2344 quem
1452 2249 1653 2321 modo
1693 2249 2076 2343 depingere
2128 2247 2358 2319 conati
2389 2269 2663 2336 sumus3

526 2372 704 2446 adde
744 2372 926 2468 quod
958 2375 1111 2467 jam
1148 2371 1612 2445 Doriensibus
1654 2371 1998 2446 militares
2026 2372 2126 2443 illi
2158 2393 2388 2444 mores
2437 2380 2665 2461 erant,

525 2499 778 2596 quibus
799 2498 1124 2593 Spartani
1147 2521 1186 2570 a
1208 2499 1481 2572 caeteris
1498 2498 1797 2572 Graeciae
1817 2498 2088 2593 populis
2109 2497 2664 2590 distinguuntur,

526 2626 620 2696 ita
671 2634 747 2696 ut
781 2625 1034 2696 merito
1084 2624 1237 2719 quis
1274 2624 1531 2696 dixerit
1560 2625 2002 2719 Lyeuryum
2043 2647 2186 2693 non
2234 2630 2387 2693 tam
2448 2643 2670 2692 novas

527 2752 715 2844 leyes
742 2728 1284 2843 eos-cogitavisse,
1308 2773 1534 2844 quam
1554 2757 1809 2820 veter-a
1829 2746 2303 2819 Doriensium
2333 2745 2670 2818 instituta

524 2876 996 2964 revocavisse,
1041 2883 1268 2968 atque
1303 2875 1541 2945 denuo
1570 2851 1973 2945 sanxisse&

593 3118 612 3153 ¹
652 3116 716 3165 F.
755 3116 1088 3179 HERMANN„
1120 3115 1559 3178 Antiquitatum
1602 3114 1991 3165 laconio-arum
2033 3112 2207 3164 libelli
2237 3119 2502 3174 quatuor.
2537 3109 2675 3159 Mar-

526 3197 698 3259 burgi,
735 3195 877 3255 1841,
906 3211 957 3260 p.
994 3195 1044 3243 1.
