3131 5037
552 572 643 621 104
1391 569 1492 620 DE
1536 570 1916 622 LYGURGO

548 709 976 792 cooptarent,
1023 722 1267 769 verum
1307 708 1436 770 est.
1481 695 1656 784 Quis
1689 709 1917 770 autem
1961 721 2100 769 non
2140 697 2375 768 videat
2419 693 2695 767 felicis-

551 825 724 894 sime
763 845 805 894 a
842 823 1172 916 Lycurgo
1213 831 1550 895 statutum
1581 822 1822 911 fuisse,
1868 834 1947 895 ut
1986 845 2125 893 non
2141 824 2295 916 jam
2323 844 2528 914 reges
2568 819 2694 891 sed

548 948 824 1019 comitia
886 948 1334 1039 magistratus
1391 948 1545 1020 illos
1601 958 1952 1030 crearent,
2003 949 2292 1042 quinon
2337 971 2377 1019 e
2424 967 2693 1040 genere

547 1073 799 1144 civium
830 1073 1308 1162 sumebantur,
1346 1074 1754 1144 auctoritate
1792 1073 1905 1145 vel
1942 1071 2384 1172 facultatibus
2415 1070 2693 1143 caeteris

545 1200 933 1293 superiore,
990 1199 1114 1270 sed
1161 1199 1247 1269 de
1290 1199 1623 1269 universo
1663 1197 1940 1292 popum,
1998 1208 2072 1269 ut
2120 1198 2412 1293 quisque
2468 1196 2691 1290 pluris

529 1322 840 1396 valeret.
2181 1301 2186 1306 ⁶

643 1449 1019 1521 Senatores
1057 1471 1183 1542 per
1229 1471 1504 1519 omnem
1561 1448 1775 1520 vitam
1823 1471 2163 1519 summam
2209 1448 2282 1518 in
2337 1445 2692 1540 republica

545 1573 918 1667 potentiam
966 1572 1411 1661 exercebant,
1446 1583 1540 1662 et,
1580 1582 1656 1644 ut
1699 1574 1866 1644 dicit
1911 1567 2691 1660 Plutarchus1,mortis

543 1706 612 1767 et
630 1697 1058 1789 iynominioe
1082 1696 1375 1784 civium,
1394 1696 1866 1791 aliarumque
1884 1700 2399 1769 mammarum
2424 1718 2693 1767 rerum

542 1834 763 1895 erant
803 1825 1109 1897 domini.

639 1949 980 2020 Novimus
1026 1949 1211 2019 enim
1249 1951 1432 2021 inter
1483 1951 1707 2044 prima
1764 1973 2007 2021 eorum
2081 1972 2370 2021 munera
2421 1946 2693 2043 judicia

542 2072 628 2143 de
672 2074 899 2143 causis
955 2073 1368 2164 capitalibus
1412 2074 1936 2146 annumeranda
1981 2097 2164 2161 esse,
2208 2074 2448 2167 eisque
2491 2096 2687 2166 prae-

542 2197 784 2266 sertim
817 2198 1259 2268 commissum
1287 2206 1361 2268 ut
1391 2198 1476 2269 de
1496 2198 1940 2291 gravissimis
1962 2197 2363 2293 reipublicae
2384 2195 2690 2289 negotiis

540 2319 1054 2406 deliberarent3
1088 2343 1223 2414 quo
1263 2332 1489 2394 autem
1538 2323 1787 2393 melius
1826 2346 2071 2394 eorum
2102 2332 2468 2393 notaretur
2508 2343 2691 2391 auc-

541 2443 1199 2539 toritaS,Lycurgus
1228 2446 1329 2516 eis
1360 2446 1512 2540 pari
1549 2447 1870 2540 suffragii
1899 2448 2061 2540 jure
2092 2469 2299 2540 reges
2331 2445 2681 2540 adjunxit.

636 2569 827 2641 Talis
857 2579 1031 2658 erat,
1056 2568 1363 2642 breviter
1383 2573 1661 2665 quidem
1688 2571 2129 2661 adumbrata,
2150 2546 2436 2642 senatus
2468 2568 2691 2640 insti*—

539 2695 756 2785 tuti03
810 2716 1012 2788 quam
1065 2715 1108 2763 a
1166 2692 1595 2786 legislatoris
1665 2695 2025 2767 voluntate
2089 2696 2458 2767 deflexisse
2544 2715 2691 2763 non

536 2818 815 2911 ignoro,
868 2818 1368 2912 conciliumque
1435 2817 1687 2890 factam
1748 2843 1903 2892 esse
1951 2822 2387 2914 optimatum,
2461 2843 2687 2914 quum

532 2939 743 3030 ὁμοίων
798 2950 867 3013 et
919 2937 1265 3030 ὑπομειόνων
1329 2943 1614 3014 ordines
1692 2946 1914 3015 exorti
1974 2956 2165 3014 sunt.
2246 2943 2688 3037 Theopompi

523 3067 676 3159 jam
730 3075 1067 3158 tempore,
1127 3067 1299 3137 adeo
1373 3067 1769 3138 hominibus
1827 3091 1865 3138 e
1939 3069 2177 3160 paucis
2233 3069 2687 3139 conflabatur

538 3198 852 3276 scnatUS,
908 3199 981 3260 ut
1017 3189 1336 3262 addititia
1394 3190 1513 3260 illa
1551 3192 1810 3262 rhem-a
1846 3192 1984 3263 lata
2024 3190 2234 3263 fuerit
2278 3215 2413 3286 qua
2459 3192 2684 3262 comi-

539 3311 817 3382 tiorum·
861 3313 1031 3404 jura
1097 3313 1675 3386 rescindebantur
1715 3310 1786 3406 ²3
1859 3317 2089 3413 magis
2160 3326 2395 3388 autem
2469 3327 2687 3410 atque

537 3437 762 3528 magis
808 3435 979 3507 adeo
1039 3439 1228 3506 venit
1285 3437 1355 3506 in
1400 3438 1796 3531 principum
1851 3462 2124 3529 manuS,
2172 3452 2248 3511 ut
2285 3464 2376 3512 ex
2426 3463 2509 3511 eo
2549 3462 2687 3510 ex—

536 3558 937 3631 cluderetur
991 3559 1305 3655 quisquis
1375 3561 1667 3632 divitum
1741 3563 2100 3634 hominum
2166 3564 2471 3636 sodalitii
2535 3588 2685 3636 non

536 3691 743 3754 esset.
805 3685 956 3756 Hoc
1008 3685 1348 3776 exprimit,
1385 3685 1797 3756 Aristoteles
1861 3687 2154 3759 diceudo
2231 3686 2685 3765 δυναστευτικήν

536 3829 689 3878 esse
756 3818 1156 3879 senatorum
1226 3807 1672 3900 electionem3
1759 3806 2129 3880 δυναστείαν
2169 3823 2403 3885 autem
2479 3813 2681 3885 illam

536 3929 940 4023 reipublicae
968 3929 1263 4002 formam
1301 3954 1456 4002 csse
1484 3931 1650 4003 dicit
1679 3932 2128 4028 philosophus
2160 3936 2230 4004 in
2265 3959 2403 4030 qua
2442 3937 2682 4030 digui-

600 4149 619 4183 ¹
655 4146 817 4196 Purr.
850 4148 1017 4209 Lym,
1037 4147 1236 4206 XXVI,
1259 4146 1289 4195 2
1421 4148 1592 4214 κύριον
1616 4149 1736 4199 ὄντα
1757 4152 1843 4201 καὶ
1872 4151 2088 4203 θανάτου
2111 4154 2197 4204 καὶ
2220 4149 2421 4217 ἀτιμίας
2444 4156 2534 4206 καὶ
2555 4156 2685 4213 ὅλως

535 4232 630 4277 τῶν
659 4229 922 4291 μεγίστων.

598 4304 621 4341 ²
654 4306 818 4356 Ριυτ.
844 4307 996 4369 Lym,
1033 4306 1121 4366 VI,
1151 4306 1199 4356 7.
