3131 5037
1172 588 1442 649 CAPUT
1484 586 1876 639 OCTAVUM
2500 587 2585 638 111

458 715 701 810 ephori
736 740 1081 814 regesque
1111 717 1392 813 singulo
1426 740 1671 790 mense
1707 715 2405 811 obstringebantur¹:
2430 738 2586 810 pro-

452 842 772 916 mittebat
835 843 1023 916 enim
1093 867 1257 933 rex,
1324 866 1401 916 se
1455 865 1759 937 regnum
1843 864 1883 914 e
1951 842 2196 937 legum
2285 841 2588 915 latarum

452 969 825 1065 praecripto
894 978 1263 1065 gesturum
1323 993 1504 1059 esse,
1549 969 1796 1065 ephori
1853 977 2096 1041 contra
2146 968 2587 1061 spondebant

454 1093 807 1167 civitatem
841 1119 1134 1191 regnum
1170 1098 1659 1169 inconcussum
1689 1106 2127 1168 servaturam
2162 1117 2341 1184 esse,
2367 1095 2591 1191 siqui-

455 1219 614 1292 dem
653 1244 781 1293 rex
807 1244 1007 1297 suum
1046 1232 1286 1295 sancte
1315 1229 1633 1294 servaret
1654 1220 2171 1317 jusjurandum.

551 1345 626 1417 Si
656 1346 812 1442 quis
848 1355 1081 1418 autem
1113 1347 1499 1439 interroget
1519 1346 1702 1418 unde
1730 1345 1888 1418 fieri
1920 1345 2226 1441 potuerit
2269 1354 2344 1418 ut
2381 1345 2591 1435 illud,'

455 1471 638 1567 quod
669 1472 854 1566 apud
883 1472 1154 1544 nullum
1193 1472 1407 1545 alium
1449 1472 1778 1567 populum
1813 1471 2225 1566 reperimuS,
2252 1471 2328 1541 in
2366 1470 2591 1565 Spar—

453 1606 777 1669 tanorum
812 1622 1078 1670 morem
1109 1599 1404 1688 venerit,
1433 1623 1574 1670 non
1608 1597 1899 1669 multum
1935 1597 2179 1670 absum
2212 1598 2381 1692 quin
2414 1596 2591 1668 illud

453 1722 784 1819 Polydori
813 1724 986 1795 caedi
1015 1724 1604 1819 popularibusque
1650 1722 2139 1812 seditionibuS,
2185 1746 2356 1819 quas
2412 1721 2592 1793 vidi-

455 1872 636 1937 muS,
673 1848 990 1922 alludere
1024 1850 1460 1922 contendam.
1487 1848 1672 1935 Quid
1703 1850 1959 1919 mirum
1990 1848 2176 1919 enirn
2201 1848 2592 1942 Theopom-

453 1999 619 2070 pum
645 1985 918 2048 terrore
958 1977 1386 2071 perculsum,
1429 1974 2005 2046 contumeliosam
2044 1974 2235 2046 illam
2277 1973 2593 2045 necessi—

452 2108 667 2174 tatem
726 2101 814 2172 ab
872 2103 1316 2197 optimatibus
1368 2101 1747 2195 accepisse,
1785 2122 2076 2195 eamque
2133 2098 2591 2196 sequentibus

453 2204 743 2321 regibus
776 2229 1198 2301 tradidisse?

516 2353 678 2424 Ex·
707 2352 817 2425 his
861 2355 1103 2428 videre
1155 2355 1315 2427 licet
1354 2355 1777 2451 ephororum
1830 2362 2252 2449 potestatem
2281 2351 2367 2423 ab
2415 2352 2593 2445 opti·

453 2480 752 2553 matibus
803 2492 1104 2555 creatam
1149 2482 1367 2555 fuisse
1419 2492 1488 2556 et
1529 2484 1621 2555 ita
1669 2482 2087 2565 institutam,
2143 2504 2277 2576 quo
2315 2477 2592 2552 facilius

451 2607 939 2678 auctoritatem
989 2631 1320 2681 exercere
1371 2620 1680 2703 possent.
1732 2607 1929 2694 Quod
1969 2606 2154 2678 enim
2208 2605 2432 2676 cuivis
2483 2607 2591 2678 ci-

449 2731 643 2801 vium
679 2732 833 2803 haec
861 2731 1167 2824 dignitas
1200 2735 1500 2828 patebat,
1556 2733 1938 2826 ephorique
1976 2729 2063 2802 ab
2105 2727 2409 2800 ecclesia
2451 2728 2593 2800 eli--

452 2858 832 2950 gebantur,
908 2881 1048 2929 non
1124 2858 1432 2953 opinioni
1511 2868 1774 2930 nostrae
1853 2856 2299 2946 adversatur,
2379 2879 2590 2950 quum

452 2983 788 3056 divitibus
832 2981 1037 3056 facile
1086 2993 1268 3055 esset
1331 3007 1450 3055 eos
1480 3005 1961 3077 corrumpere,
2027 2982 2299 3078 quoties
2352 2980 2592 3075 populi

454 3106 793 3199 suffragia
823 3130 1046 3178 unum
1077 3131 1114 3178 e
1145 3108 1383 3179 multis
1414 3108 1502 3178 ad
1530 3106 1868 3177 honorem
1903 3105 2105 3177 illum
2134 3119 2517 3179 evexerant
2531 3105 2583 3182 ².

549 3230 721 3301 Haec
766 3229 1009 3302 docent
1049 3240 1386 3326 quantum
1425 3253 1467 3302 a
1507 3220 1701 3303 mera
1752 3232 2051 3327 Lycurgi
2102 3231 2593 3304 constitutione

452 3352 877 3426 abhorreant
906 3356 1176 3450 ephori,
1212 3357 1326 3453 qui
1377 3357 1593 3429 multo
1639 3356 1866 3451 magis
1896 3356 1987 3428 ad
2036 3379 2409 3449 paucorum
2455 3356 2588 3427 ad-

448 3477 1034 3551 ministrationem
1099 3482 1453 3575 pertinent
1479 3537 1496 3566 ‚
1571 3504 1777 3577 quam
1850 3481 1938 3554 ad
2022 3481 2307 3552 mixtam
2388 3480 2589 3552 illam

450 3614 517 3674 et
546 3613 1005 3699 temperatam
1057 3627 1262 3701 quam
1311 3606 1656 3700 effingere
1711 3605 1938 3678 conati
2002 3628 2241 3676 sumus
2312 3627 2590 3697 rempu-

453 3726 731 3799 blicam.

519 3983 535 4016 ¹
572 3980 711 4031 Xm«.
751 3983 916 4045 Resp.
945 3982 1167 4039 Laced„
1204 3983 1320 4043 XV,
1351 3986 1399 4035 7.

445 4112 454 4122 ,
515 4061 536 4095 ²
571 4062 756 4111 Αιιιετ.
791 4063 986 4121 Pom..
1025 4063 1092 4123 11,
1116 4063 1166 4127 6,
1196 4063 1271 4119 16,
