3131 5037
557 624 620 675 76
1368 624 1467 675 DE
1510 623 1888 677 LYCURGO

560 752 814 826 mirum
843 751 1196 846 delphicos
1239 751 1664 843 sacerdoteS,
1725 754 1839 848 qui
1875 755 2234 843 ingentem
2282 765 2697 849 potestatem

560 906 599 955 e
650 877 1096 951 Doriensium
1152 878 1461 950 adventu
1512 902 1588 950 se
1644 878 2037 952 lucraturos
2087 905 2240 952 esse
2289 882 2691 975 sperabant,

560 1007 915 1077 oraculum
954 1005 1518 1101 pronuntiavisse
1578 1028 1670 1076 ne
1733 1005 2002 1076 bellum
2067 1005 2326 1077 iisdem
2383 1007 2697 1078 hostibus

559 1130 690 1204 diu
717 1130 1114 1224 inferrent,
1159 1138 1228 1202 et
1265 1129 1657 1202 faciliorem
1691 1131 2003 1225 praedam
2034 1132 2570 1226 designavisse3

656 1255 892 1348 Magis
949 1264 1156 1349 atque
1215 1256 1444 1350 magis
1494 1255 1712 1348 igitur
1761 1279 1842 1328 eo
1903 1256 2315 1328 adducimur
2367 1268 2445 1329 ut
2500 1259 2686 1350 illas,

560 1403 734 1477 quas
780 1380 1195 1452 Plutarchus
1243 1391 1385 1453 tres
1442 1375 1741 1453 rhecrc'zs
1800 1390 2027 1468 vocat,
2087 1383 2416 1477 Lycurgo
2484 1384 2694 1478 paulo

560 1506 946 1577 anteriores
986 1528 1144 1577 esse
1188 1506 1716 1578 contendamus.
1762 1507 1963 1591 Quod
1993 1506 2308 1600 equidem
2357 1509 2458 1578 nil
2501 1508 2696 1580 aliud

559 1653 767 1725 quam
807 1631 1279 1722 conjecturam
1332 1653 1483 1702 esse
1530 1629 1870 1716 conced03
1922 1630 2049 1702 illa
2090 1639 2323 1703 tamen
2377 1643 2687 1726 accepta,

558 1754 736 1825 nihil
768 1754 1046 1824 demum
1082 1755 1156 1824 in
1204 1753 1485 1847 legibus
1540 1753 1681 1824 illis
1728 1754 2173 1826 inenodabile
2213 1766 2487 1847 manet3
2542 1779 2694 1827 eam

559 1880 619 1950 si
657 1879 956 1973 probare
993 1902 1307 1970 recusaS,
1353 1880 1624 1971 majora
1656 1880 1891 1951 statim
1930 1880 2292 1953 intellectu
2333 1881 2536 1953 fiunt.

653 2004 859 2076 Nunc
890 2011 1121 2076 autem
1153 2005 1210 2074 si
1248 2004 1426 2076 hanc
1459 2005 1915 2099 quaestionem
1947 2004 2031 2075 de
2058 2028 2192 2100 qua
2233 2006 2432 2076 modo
2463 2015 2693 2077 actum

558 2138 660 2201 est
702 2128 973 2200 solvere
1004 2129 1444 2223 suscipimUS,
1489 2128 2071 2223 disquirimusque
2118 2131 2570 2225 quamobrem
2622 2131 2695 2200 in

558 2277 695 2325 uno
734 2254 1114 2347 eodemque
1159 2253 1382 2347 capite
1423 2254 1619 2347 leges
1657 2254 1811 2325 illas
1863 2254 2282 2325 Plutarchus
2339 2279 2691 2348 recogno—

554 2379 757 2466 verit,
798 2400 1052 2472 easque
1082 2400 1268 2471 saepe
1298 2377 1637 2449 vocabulo
1661 2375 1730 2449 αἱ
1754 2382 1906 2473 τρεῖς
1933 2376 2143 2474 ῥῆτραι
2176 2379 2687 2472 designaverit,

557 2500 994 2576 manifestum
1043 2526 1198 2575 esse
1251 2501 1529 2574 videtur
1579 2504 1965 2597 Spartanos
1993 2504 2208 2596 iPSOS,
2266 2504 2397 2577 etsi
2454 2529 2692 2578 veram

554 2629 657 2700 rei
685 2651 960 2701 causam
982 2626 1180 2698 obliti
1199 2637 1456 2715 essent,
1490 2628 1826 2700 incertam
1853 2628 2341 2707 conscientiam
2361 2632 2695 2725 temporis

554 2754 978 2842 servavisse,
1044 2774 1181 2847 quo
1243 2773 1382 2823 una
1436 2752 1729 2846 prolatae
1767 2750 2030 2824 fuerint
2072 2762 2212 2824 tres
2269 2754 2413 2825 illae
2461 2753 2686 2850 legeS.

555 2858 975 2949 Plutarchus
1011 2884 1272 2966 autem,
1308 2876 1427 2971 qui
1458 2876 1633 2946 nibil
1669 2878 1946 2971 penitus
1981 2878 2529 2971 introspiciebat,
2571 2882 2696 2952 sed

553 3002 787 3074 omnia
807 3023 1100 3096 quaeque
1121 2998 1483 3073 audiverat
1510 2999 1889 3092 referebat,
1930 3002 2267 3095 peculiari
2298 3003 2416 3075 illa
2453 3004 2693 3098 appel-

552 3127 807 3199 latione
843 3147 1012 3197 usus
1050 3134 1179 3196 est.

649 3352 899 3444 Restat
938 3381 1013 3444 ut
1052 3371 1139 3442 de
1176 3381 1445 3466 quartae
1472 3371 1661 3443 illius
1690 3373 1975 3448 rhetroe
2012 3374 2428 3445 auctoritate
2450 3373 2691 3467 loqua-

554 3521 738 3585 mur,
813 3519 1021 3592 quam
1099 3494 1317 3568 refert
1374 3496 1824 3588 PlutarchuS,
1891 3508 2087 3570 sexto
2157 3498 2463 3592 Lycurgi
2525 3498 2692 3569 vitae

549 3623 800 3717 capite.
837 3622 1008 3706 Quae
1037 3621 1342 3717 quidem,
1375 3631 1847 3717 praeterquam
1880 3624 2062 3717 quod
2091 3623 2372 3695 insolita
2402 3622 2693 3694 adhibet

548 3747 915 3839 vocabula,
947 3748 1230 3841 insuper
1259 3746 1343 3818 ab
1380 3747 1655 3842 ignaris
1692 3747 2000 3819 librariis
2052 3749 2152 3821 ita
2192 3758 2521 3842 corrupta
2551 3758 2686 3838 est,

546 3881 693 3944 uta
724 3872 981 3944 criticis
1015 3870 1425 3967 quibusdam
1457 3871 1530 3942 in
1555 3871 1843 3944 dubium
1863 3883 2105 3945 vocata
2124 3871 2339 3944 fuerit
2368 3898 2387 3964 3
2424 3881 2689 3944 tantam

544 4008 774 4071 autem
822 3997 1254 4092 antiquitatis
1311 3997 1611 4089 speciem
1650 4020 1800 4093 prae
1856 4021 1932 4070 se
1976 3996 2134 4085 fert,
2203 4008 2277 4069 ut
2346 3998 2468 4094 qui
2535 4019 2690 4068 eam

542 4121 834 4195 falsario
870 4122 1251 4194 attribuere
1285 4122 1509 4210 malit,
1567 4118 1834 4217 majore
1874 4146 1948 4194 se
1995 4120 2407 4194 difficultate
2446 4122 2688 4216 impli-

542 4272 702 4320 care
732 4246 977 4320 merito
1008 4247 1305 4334 dicatur,
1339 4268 1548 4348 quam
1588 4248 1705 4342 qui
1735 4241 2261 4319 difficultatibus
2297 4246 2687 4319 enodandis

541 4398 825 4471 operam
880 4372 1177 4446 dederit.
1244 4372 1458 4445 Erret
1517 4396 1690 4446 vero
1746 4373 1805 4444 si
1859 4373 2012 4469 quis
2067 4374 2142 4444 in
2180 4373 2424 4446 vitiato
2494 4380 2688 4446 textu
