3131 5037
1200 572 1471 624 CAPUT
1512 572 1797 624 NONUM
2470 573 2562 625 119

419 701 703 775 luxuria
738 702 1149 795 depravata,
1191 699 1394 771 tertio
1436 708 1596 772 ante
1628 702 1705 774 C.
1738 700 1835 772 N.
1878 699 2200 772 saeculoe
2239 699 2561 795 pluribus

418 827 712 918 Persaei,
757 825 1165 921 Phylarohi,
1213 824 1517 919 Sphaeri,
1571 824 2111 921 Molpidosque¹
2155 826 2327 898 locis
2375 850 2562 899 oom-

421 963 697 1048 pertum
767 953 1104 1024 habemus
1163 976 1179 1021 ε
1251 953 1620 1045 Lycurgeo
1692 961 1927 1024 autem
2004 931 2342 1046 tempos-ei,
2415 976 2557 1025 non

420 1077 710 1149 dubium
750 1086 854 1149 est
888 1077 1055 1173 quin
1094 1075 1387 1148 multum
1408 1076 1499 1148 ad
1527 1076 1974 1149 sobrietatem
2005 1086 2074 1149 et
2115 1076 2202 1149 ad
2228 1077 2564 1150 militares

423 1226 653 1274 moros
685 1203 1085 1276 retinendos
1127 1201 1581 1274 contulerint.
2048 1273 2051 1276 ,

520 1328 925 1421 Spartanos
981 1326 1317 1400 exercitui
1356 1326 1634 1399 cuidam
1695 1324 1887 1398 haud.
1936 1325 2299 1399 absimiles
2347 1325 2569 1401 fuisse

416 1453 566 1547 jam
606 1453 905 1526 diximus
919 1480 938 1545 3
991 1456 1064 1526 in
1099 1478 1178 1528 re
1215 1452 1499 1549 paulum
1531 1452 1918 1541 immorari,
1953 1450 2042 1523 ad
2076 1474 2320 1523 eorum
2348 1452 2563 1525 vitam

424 1578 677 1651 melius
707 1580 1292 1674 cognoscendam,
1340 1602 1629 1651 necesse
1668 1587 1800 1653 est.
1846 1579 2025 1662 Quid
2064 1579 2252 1653 enim
2289 1579 2566 1652 Plutar-

424 1702 675 1777 chus²2
704 1729 740 1775 «
775 1705 1238 1802 Disciplinoe,
1262 1705 1514 1801 inquit,
1545 1704 1854 1800 subjecti
1881 1715 2096 1777 erant
2124 1703 2560 1801 spartani,

425 1831 653 1903 donee
702 1830 803 1902 ad
832 1830 1127 1902 virilem
1173 1840 1467 1903 &etatem
1501 1829 2009 1927 pervenirent.
2063 1831 2321 1920 Neque
2371 1828 2568 1901 enim

425 1955 774 2050 cuiquam
819 1954 1083 2030 licebat
1129 1966 1210 2028 ut
1245 1981 1389 2053 pro
1439 1955 1752 2029 arbitrio
1793 1981 1921 2028 suo
1970 1955 2273 2046 viveret,
2314 1958 2444 2029 sed
2488 1954 2569 2027 in

430 2080 606 2152 urbe
632 2081 950 2177 perinde
978 2091 1194 2171 atque
1231 2083 1309 2153 in
1348 2081 1606 2155 eastris
1626 2083 2156 2178 praescriptam
2194 2081 2568 2172 unusquis-

427 2230 569 2302 qne
592 2205 889 2278 vivendi
910 2205 1387 2296 versandique
1415 2206 1495 2277 in
1512 2205 1805 2301 publico
1827 2201 2207 2279 rationem
2224 2205 2561 2280 habebat.

434 2330 890 2426 Omninoque
943 2331 1448 2406 existimantes
1502 2357 1606 2422 se,
1670 2357 1813 2405 non
1871 2332 1987 2403 sui
2045 2333 2400 2429 ipsoram,
2443 2331 2571 2401 sed

417 2455 697 2553 patrioe
731 2480 903 2547 esse,
952 2458 1095 2530 nisi
1130 2460 1304 2548 quid
1344 2459 1557 2532 aliud
1589 2458 1711 2532 oui
1752 2467 1926 2531 esset
1969 2458 2237 2553 neyotii
2273 2458 2569 2552 injunc—

432 2592 613 2670 tum,
647 2606 937 2678 semper
967 2586 1076 2656 vel
1092 2608 1361 2680 pueros
1397 2584 1750 2673 visebant,
1786 2607 2044 2680 eosque
2072 2583 2363 2680 aliquid
2391 2583 2573 2656 utile
2668 2580 2673 2585 ’

433 2708 817 2798 docebant,
851 2709 970 2782 vel
1003 2708 1149 2805 ipsi
1179 2733 1227 2780 a
1261 2708 1664 2782 senioribus
1702 2708 2081 2780 discebant
2114 2733 2186 2782 )),

529 2835 634 2906 Ex
681 2834 792 2904 his
832 2857 1004 2927 ergo
1041 2829 1355 2930 apparet,
1392 2834 1463 2905 id
1496 2835 1681 2930 quod
1715 2834 1918 2929 quasi
1960 2834 2174 2904 totius
2209 2832 2571 2928 lycurgeae

433 2958 945 3030 constitutionis
990 2957 1526 3039 fundamentum
1578 2967 1709 3050 est,
1756 2958 2023 3032 scilicet
2057 2958 2312 3030 debere
2351 2957 2573 3030 civem

436 3106 571 3154 non
604 3084 762 3172 sibi,
800 3083 923 3155 sed
948 3084 1358 3180 reipublioae
1383 3085 1646 3157 vivere.
1686 3085 1768 3155 In
1788 3084 1911 3156 illa
1940 3108 2016 3156 re
2037 3108 2074 3156 6
2096 3083 2333 3180 pueris
2361 3107 2574 3180 spar-

435 3208 596 3279 tani
621 3209 1120 3282 erudiebantur
1165 3234 1180 3279 :
1226 3210 1542 3303 singulas
1583 3204 1881 3305 publicae
1911 3209 2346 3282 educationis
2376 3208 2575 3304 leges

434 3343 865 3427 pertractare
923 3335 1558 3428 supersedebimus*
1625 3358 1842 3431 quum
1887 3334 2046 3407 illas
2094 3335 2279 3430 apud
2320 3335 2572 3407 Xeno-

432 3459 766 3552 phontem
794 3458 819 3500 ³
856 3460 1456 3556 Plutarchumque
1482 3460 1508 3502 ‘⁴
1551 3458 1775 3532 fusius
1825 3460 2205 3555 explicatas
2261 3459 2573 3555 reperire

437 3582 555 3656 sit.
596 3583 676 3658 Id
706 3585 984 3658 demum
1018 3609 1176 3659 cum
1209 3583 1641 3680 Kopstadto⁵
1671 3585 1902 3657 dicere
1930 3583 2164 3674 liceat,
2189 3584 2575 3657 verisimile

501 3803 517 3837 ¹
554 3801 632 3850 De
662 3800 803 3865 quib.
835 3799 951 3850 vide
979 3817 1060 3865 ap.
1096 3802 1442 3862 Arnssuffiuu‚
1475 3801 1567 3861 IV,
1606 3800 1714 3850 140.

496 3879 519 3915 ²
537 3879 701 3929 PLUT.
718 3881 834 3943 Lyc
859 3880 1075 3941 ,xxlv‚
1092 3880 1117 3930 1
1148 3896 1161 3929 ε
1184 3879 1247 3934 ‘H
1272 3882 1324 3934 δὲ
1355 3882 1558 3933 παιδεία
1585 3881 1845 3947 μὲχριτῶν
1870 3875 2106 3942 ἐνηλίκων
2131 3881 2378 3930 διέτεινεν.
2400 3871 2574 3933 Οὐδεὶς

434 3962 530 4025 γὰρ
565 3949 623 4023 ἦν
661 3955 920 4026 ἀφειμένος
965 3959 1029 4020 ὡς
1072 3958 1304 4014 ἐὸούλετο
1350 3967 1457 4026 ζῆν,
1505 3956 1611 4012 ἀλλ’
1648 3957 1748 4012 οἷον
1790 3956 1840 4012 ἐν
1882 3963 2203 4027 στρατοπέδῳ
2231 3966 2288 4025 τῇ
2320 3959 2462 4010 πόλει
2489 3960 2575 4011 καὶ

437 4041 624 4090 δίαιταν
657 4041 856 4106 ἔχοντες
889 4039 1207 4108 ὡρμισμένην
1230 4043 1315 4093 καὶ
1347 4044 1597 4109 διατριὸἠν
1634 4042 1746 4108 περὶ
1780 4043 1842 4092 τὰ
1869 4044 2012 4092 κοινὰ
2044 4043 2130 4092 καὶ
2151 4040 2275 4099 ὅλως
2296 4040 2576 4104 νομίζοντος

439 4114 532 4183 οὔχ
565 4121 747 4179 αὐτῶν,
774 4123 901 4172 ἀλλὰ
929 4128 1016 4185 τῆς
1037 4126 1272 4189 πατρίδας
1293 4125 1420 4174 εἶναι
1454 4121 1723 4173 διετέλουνι

498 4199 523 4235 ³
554 4198 696 4249 xta.
724 4202 887 4264 Resp.
929 4203 1149 4263 Laced„
1176 4218 1283 4268 cap.
1320 4202 1440 4252 I-V.

499 4279 522 4316 ⁴
555 4278 727 4331 Ριυτ.
763 4282 1034 4346 Lycury„
1066 4297 1178 4346 cap.
1214 4279 1359 4341 XIV,
1404 4292 1517 4346 sqqz

497 4361 520 4396 ⁵
553 4360 862 4422 Korsmnr,
893 4363 973 4413 De
1004 4361 1423 4412 constitutionis
1454 4363 1763 4427 Lycurqeae
1798 4359 2023 4425 oriqine
2053 4370 2106 4410 et
2134 4359 2339 4419 indole5
2372 4375 2423 4426 p.
2461 4356 2573 4411 128.
