3131 5037
578 564 668 616 120
1381 559 1480 610 DE
1522 556 1904 609 LYCURGO

575 714 732 766 esse
769 714 909 763 non
950 687 1354 770 vicesimum
1393 710 1684 777 annum,
1736 709 1871 781 quo
1920 683 2399 756 adolescentes
2434 679 2715 754 bellicis

571 815 1131 913 expeditionibus
1162 814 1407 887 adesse
1437 811 1899 908 incipiebant,
1934 809 2056 882 sed
2084 808 2506 880 tricesimum
2546 815 2715 877 tan-

572 943 761 1032 dem,
818 922 975 1036 'quo
1049 940 1137 1012 ad
1215 939 1494 1011 comitia
1562 937 1860 1031 primum
1929 933 2510 1022 admittebantur,
2590 953 2711 1003 eos

573 1068 787 1139 finem
852 1064 1249 1137 educationi
1314 1062 1589 1148 fecisse.
1661 1064 1844 1134 Nam
1909 1059 2160 1131 merito
2231 1061 2533 1132 advertit
2594 1056 2715 1129 ille

576 1190 1031 1263 Plutarchum
1075 1199 1158 1268 ,et
1220 1189 1764 1283 Xenophontem
1820 1185 2174 1259 memoriae
2217 1185 2541 1280 prodere,
2580 1184 2711 1277 ju-

578 1339 795 1388 venes
812 1314 999 1387 haud
1028 1337 1189 1386 raro
1209 1325 1580 1409 postquam
1613 1333 1871 1384 uxores
1906 1312 2301 1400 duxissent,
2329 1310 2543 1383 etiam
2569 1319 2716 1382 tum

577 1440 946 1512 nonnullos
980 1462 1202 1511 annos
1229 1439 1306 1509 in
1343 1423 1727 1534 aequalium
1754 1462 2042 1510 suorum
2073 1437 2300 1509 classe
2328 1435 2709 1508 mansisse.

675 1565 901 1650 Quam
933 1564 1019 1637 ob
1055 1587 1336 1637 causam
1365 1563 1543 1635 illud
1569 1563 1954 1636 instituerit
1984 1563 2387 1662 legislator,
2426 1561 2717 1655 dignos-

579 1712 738 1762 cere
762 1686 974 1762 facile
1006 1697 1150 1759 est:
1196 1687 1329 1759 hoc
1365 1689 1550 1760 enim
1579 1689 1926 1782 imprimis
1966 1688 2329 1760 consilium
2358 1686 2602 1759 habuit
2642 1695 2720 1758 ut

576 1815 765 1886 cives
810 1813 1349 1906 magistratuum
1390 1814 1615 1908 jussis
1674 1813 2181 1908 patientissime
2234 1812 2717 1906 obtemperare

577 1947 1145 2018 consuescerent.
1216 1938 1702 2031 interrogatus
1781 1938 2061 2034 quidam
2131 1937 2299 2033 quid
2374 1934 2721 2033 spartani

578 2064 1011 2159 potissimum
1058 2063 1554 2136 Lacedaemone
1605 2058 1981 2152 discerent,
2041 2061 2478 2158 respondit¹z
2530 2063 2719 2135 obe--

578 2189 743 2261 dire
787 2198 856 2261 et
900 2189 1306 2286 imperare.
1368 2189 1545 2260 Mihi
1605 2189 1879 2261 videtur
1921 2190 2053 2261 hoc
2115 2189 2405 2261 verbum
2458 2189 2720 2281 optime

578 2314 996 2385 contrahere
1025 2313 1189 2409 quid
1221 2314 1584 2408 lycurgeae
1613 2290 2125 2387 constitutionis
2163 2316 2465 2386 maxime
2508 2337 2720 2409 pecu-

581 2439 758 2535 liare
802 2437 1417 2535 fuerit3quantum
1454 2449 1688 2512 autem
1717 2441 1898 2511 illud
1930 2440 2192 2512 bellicis
2223 2441 2431 2512 rebus
2469 2438 2719 2537 profe-

578 2564 782 2654 cerit,
805 2564 928 2636 vix
968 2564 1199 2637 dicere
1228 2588 1399 2659 opus
1436 2576 1572 2656 est,
1607 2590 1700 2638 eo
1722 2566 1953 2659 magis
1977 2567 2160 2661 quod
2185 2567 2347 2660 lege
2378 2568 2721 2640 sancitum

577 2686 805 2760 fuerat
843 2699 918 2758 ut
962 2688 1274 2781 corporis
1322 2688 1513 2761 vires
1554 2712 1942 2763 nemonon
1994 2693 2296 2763 maxima
2352 2716 2507 2763 cum
2548 2712 2720 2763 cura

582 2822 651 2885 et
675 2812 1044 2906 diligentia
1072 2811 1445 2886 excoleret.
1830 2817 1834 2823 '

677 2939 781 3010 Ea
844 2946 1002 3009 sunt
1069 2961 1225 3031 quae
1295 2939 1697 3011 instituerat
1737 2941 2166 3035 Lycurgus;
2224 2967 2404 3037 quae,
2471 2953 2547 3014 ut
2598 2943 2723 3014 alii

581 3063 842 3153 dicunt,
872 3062 1095 3133 denuo
1116 3062 1346 3133 sanxi-t
1367 3071 1434 3133 et
1454 3064 1836 3152 ordinavit,
1859 3076 1934 3137 ut
1952 3078 2341 3162 spartanos
2363 3070 2452 3141 ad
2472 3067 2720 3140 rudem

581 3186 775 3258 illum
808 3187 1093 3258 vivendi
1132 3187 1411 3258 modum
1449 3188 1842 3280 reduceret,
1878 3215 2084 3286 quem
2123 3194 2388 3264 tamdiu
2428 3201 2723 3288 egerant

584 3312 913 3409 quamdiu
971 3336 1096 3407 per
1157 3310 1473 3384 infensas
1534 3323 1785 3407 gentes
1850 3316 2279 3389 transierant
2332 3342 2373 3390 a
2432 3329 2721 3411 septen-

585 3438 871 3541 trionali
912 3437 1209 3510 Graeciae
1249 3448 1449 3532 parte
1500 3439 1590 3511 ad
1635 3438 1815 3511 hanc
1865 3440 2232 3533 regionem
2284 3464 2491 3537 quam
2534 3464 2722 3514 nunc

583 3565 1010 3648 incolebant.

680 3696 776 3766 Ut
813 3703 1047 3765 autem
1082 3715 1366 3765 severos
1395 3692 1553 3765 illos
1582 3718 1813 3767 mores
1855 3717 2147 3767 servare
2184 3705 2468 3795 possent
2498 3694 2717 3769 Lace-

585 3820 942 3907 daemonii,
994 3842 1279 3891 necesse
1345 3830 1495 3892 erat
1555 3842 1675 3891 eos
1741 3844 1880 3892 non
1935 3820 2170 3892 oculos
2218 3821 2305 3913 ,in
2359 3820 2721 3894 illecebras

583 3945 975 4034 intendere,
1012 3969 1185 4041 quas
1214 3953 1633 4018 caeterarum
1661 3947 1939 4018 urbium
1965 3946 2164 4039 leges
2197 3947 2715 4040 permittebant.

584 4071 759 4144 Haec
811 4094 1021 4143 causa
1059 4069 1192 4142 suit
1232 4095 1356 4142 cur
1397 4070 1748 4151 ξενηλασίαν
1784 4072 2156 4168 Lycurgus
2190 4072 2464 4167 Spartae
2506 4074 2722 4146 multo

655 4327 673 4360 ¹
707 4329 1239 4392 Apophth..Lacon.‚
1275 4345 1325 4393 p.
1360 4329 1471 4382 215,
1508 4330 1572 4378 D.
