3131 5037
1157 608 1422 660 CAPUT
1464 608 1867 669 QUARTUM
2523 605 2587 654 45

547 738 697 809 Hoc
725 762 996 835 quoque
1038 739 1301 811 clarius
1328 737 1720 810 videbimus
1751 739 1838 828 si,
1878 761 1955 810 re
1993 761 2118 832 pro
2140 734 2350 817 ,virili
2380 720 2584 830 parte

451 875 795 959 suscepta,
837 865 972 958 ipsi
1025 887 1067 936 a
1115 874 1434 937 veterum
1477 865 1753 936 ratione
1816 864 2252 950 recedenteS‚
2319 861 2438 957 qui
2486 859 2586 931 nil

450 988 646 1061 aliud
692 990 766 1060 in
811 998 1043 1060 mente
1086 988 1434 1060 habebant
1475 1011 1683 1084 quam
1725 986 2205 1061 CCCXXVIII
2244 1007 2587 1059 annorum

450 1115 746 1209 spatium
769 1116 951 1186 inter
991 1115 1344 1209 trojanum
1375 1113 1634 1186 bellum
1665 1122 1730 1186 et
1759 1115 2068 1209 primam
2097 1110 2586 1208 Olympiadem

451 1240 798 1336 spartanis
885 1241 1124 1333 regnis
1203 1240 1593 1334 complere,
1657 1238 2181 1311 consideremus
2255 1236 2588 1334 >quamdiu

450 1365 801 1437 historicis
862 1365 1294 1459 temporibus
1350 1366 1597 1438 eadem
1658 1389 1882 1460 regna
1933 1363 2369 1436 duraverint.
2440 1365 2588 1436 De—

451 1491 746 1585 sumptis
798 1498 1036 1561 autem
1073 1488 1236 1561 inde
1276 1513 1318 1562 a
1359 1499 1549 1562 sexto
1592 1489 1847 1562 saeculo
1884 1512 2136 1561 novem
2184 1489 2502 1582 regibuS,
2546 1512 2587 1562 a

449 1616 824 1688 Cleomene
851 1615 883 1686 Ι
917 1613 1186 1687 scilicet
1214 1615 1304 1687 ad
1334 1615 1726 1688 Cleomenis
1748 1616 1810 1687 II
1851 1615 2141 1713 obitum,
2185 1615 2315 1687 hos
2346 1637 2588 1686 omnes

453 1741 670 1813 CCXI
691 1765 913 1813 annos
934 1743 1212 1814 demum
1231 1742 1652 1836 regnavisse
1674 1740 2147 1836 comperimus
2166 1766 2185 1833 3
2201 1741 2363 1812 inde
2385 1741 2490 1829 fit,
2511 1749 2588 1812 ut

451 1868 958 1965 cuiqueviginti
972 1878 1112 1941 tres
1134 1868 1300 1939 anni
1324 1868 2005 1955 addicantur.Quem
2018 1892 2191 1962 ergo
2214 1891 2589 1941 numerum

454 1993 514 2066 si
533 2017 621 2065 ex
637 1995 968 2065 historico
999 2001 1309 2089 tempore
1333 1995 1404 2065 in
1440 1994 1615 2066 illud
1637 1993 1823 2090 quod
1842 1994 2265 2090 fabulosmn
2306 2003 2591 2087 tempus

455 2120 820 2192 nominare
871 2119 1098 2190 solent
1165 2117 1559 2210 referimuS‚
1617 2120 2079 2215 omnibusque
2145 2118 2591 2190 attribuimus

458 2245 739 2338 regibus
768 2245 855 2317 ab
905 2245 1342 2342 Eurysthene
1389 2246 1477 2316 ad
1510 2244 1996 2336 *Alcamenem,
2051 2246 2212 2317 inde
2261 2254 2589 2337 sequetur

457 2370 994 2444 Heraclidarum
1024 2371 1352 2458 reditum,
1384 2370 1456 2440 id
1493 2379 1599 2442 est
1638 2369 2081 2441 Doriensium
2122 2371 2197 2441 in
2238 2370 2592 2464 Pelopon-

457 2521 702 2570 nesum
740 2498 1226 2593 irruptionem,
1250 2521 1390 2570 non
1420 2495 1827 2600 duodecimo
1872 2496 2183 2593 quidem,
2211 2494 2335 2567 sed
2370 2494 2591 2567 multo

406 2671 409 2675 -
455 2623 880 2718 probabilius
909 2624 1173 2695 decimo
1203 2621 1479 2694 demum
1519 2623 1781 2694 saeculo
1808 2623 2080 2694 initium
2111 2622 2407 2717 cepisse.

553 2748 755 2820 Hanc
793 2757 980 2820 certe
1020 2748 1521 2843 opinionem,si
1572 2770 1608 2818 e
1644 2748 1926 2842 proprio
1965 2745 2177 2818 fundo
2219 2746 2584 2832 eruissem,

456 2874 812 2946 doctorum
848 2873 1205 2946 hominum
1251 2896 1461 2968 opera
1507 2873 2229 2968 destitutuS‚'quorum
2281 2873 2590 2945 lucidum

446 3000 793 3094 judicium
856 3023 979 3094 pro
1037 2998 1197 3092 lege
1236 3010 1368 3088 est,
1410 2998 1542 3070 ¹vix
1590 2999 1910 3094 equidem
1964 2997 2282 3093 proferre
2328 3000 2551 3071 ausim
2567 3025 2587 3092 3

457 3148 613 3195 eam
669 3133 905 3196 autem
958 3132 1198 3215 totam,
1259 3125 1387 3195 etsi
1460 3147 1598 3195 non
1669 3147 1806 3195 uno
1875 3134 2115 3196 tenore
2180 3124 2588 3218 explicetur,

457 3250 712 3342 passim
769 3248 949 3342 apud
1012 3248 1334 3319 Grotium
1375 3248 1715 3343 reperiaS‚
1772 3257 1841 3321 et
1877 3272 2123 3343 parum
2170 3250 2367 3321 abest
2425 3247 2593 3344 quin

459 3375 923 3448 recentiorum
947 3376 1342 3446 criticorum
1371 3363 1671 3467 optimus
1702 3376 1997 3471 quisque
2025 3375 2089 3446 ei
2123 3399 2311 3446 nunc
2341 3397 2595 3446 assen-

460 3500 669 3573 tiatur
709 3499 758 3570 ¹.

560 3754 909 3838 Quantum
947 3762 1175 3825 autem
1216 3752 1336 3824 illa
1365 3754 1455 3824 ad
1483 3719 1791 3848 Lycurgi
1824 3762 2096 3825 aetatem
2130 3749 2596 3824 definiendam

462 3875 798 3970 conferat,
829 3878 947 3948 vix
975 3878 1208 3950 dicere
1238 3901 1408 3972 opus
1448 3887 1552 3950 est
1588 3903 1604 3948 t
1641 3879 1793 3973 quis
1825 3878 2012 3949 enim
2047 3900 2187 3948 non
2217 3877 2451 3949 videat
2498 3878 2594 3947 ita

462 4002 820 4074 conciliari
863 4003 1140 4076 diversa
1181 4028 1335 4099 quae
1380 4004 1466 4074 de
1515 4006 1841 4099 Lycurgo
1870 4003 2290 4100 tradantur?
2337 4002 2599 4096 Utputa

521 4237 545 4278 1
580 4225 714 4277 Vide
737 4226 800 4277 G.
834 4227 896 4278 F.
919 4228 1263 4289 Hnnrznnnc,
1304 4228 1624 4278 Geschichte
1649 4243 1761 4279 von
1788 4228 1981 4278 Hellas
2012 4229 2137 4277 und
2162 4231 2304 4278 Rom
2329 4227 2382 4276 in
2402 4227 2601 4291 Allqe-

462 4306 648 4432 {aeine
686 4308 999 4359 Geschichte
1023 4309 1086 4357 in
1110 4309 1758 4373 Einzeldarstellwnyen,
1795 4325 1894 4359 von
1927 4308 2019 4362 W.
2046 4308 2274 4361 Onckeu.
2305 4307 2353 4360 3.
2386 4309 2602 4361 Abthei-

483 4400 604 4449 ung,
639 4402 689 4452 p.
718 4387 799 4439 27.
