3131 5037
560 586 653 639 ¹00
1372 583 1473 634 DE
1517 583 1895 637 LYCURGO

556 717 830 790 oriundi
856 718 1070 788 habiti
1101 716 1262 787 sint.
1292 716 1617 788 Ceterum
1645 740 1777 787 non
1817 739 1974 786 rara
2019 725 2181 792 sunt
2212 715 2526 809 exempla
2565 713 2696 786 ho—

558 843 845 931 minum,
863 844 1030 938 quin
1052 843 1259 913 etiam
1283 815 1721 936 populorum,
1745 842 1991 935 quibus
2020 842 2309 935 stirpem
2336 838 2706 913 manifesto

554 969 802 1043 falsam
833 969 1063 1041 Graeci
1092 967 1600 1060 attribuebant3
1645 990 1877 1039 nonne
1916 966 2105 1039 enim
2137 968 2349 1061 vulgo
2370 968 2701 1054 Achaeos,

554 1095 668 1189 qui
717 1095 1277 1189 Peloponnesum
1330 1093 1545 1166 multo
1595 1101 1761 1165 ante
1818 1093 2267 1164 Doriensium
2316 1092 2699 1165 adventum

552 1219 974 1310 incolebant,
995 1220 1357 1315 lonesque‚
1376 1241 1548 1314 quos
1572 1242 1654 1291 ex
1679 1218 1842 1290 Asia
1855 1218 2157 1289 navibus
2174 1217 2481 1311 AEgeum
2504 1240 2704 1290 mare
2741 1242 2746 1246 ·

555 1355 1003 1416 transnantes
1024 1344 1324 1417 ostendit
1353 1345 1662 1432 CurtiuS‚
1690 1367 1774 1416 ex
1802 1343 2043 1414 eodem
2067 1343 2299 1436 stipite
2318 1351 2519 1436 atque
2547 1344 2706 1415 Do-

552 1471 848 1561 rienses,
874 1463 991 1565 qui
1016 1470 1240 1545 ultimi
1277 1471 1346 1539 in
1370 1468 1780 1560 inferiorem
1803 1468 2159 1545 Graeciam
2180 1475 2697 1556 convenerunt,

551 1596 896 1692 profectos
915 1618 1069 1668 esse
1102 1596 1661 1668 contendebant?
1694 1597 1877 1682 Quid
1907 1597 2163 1669 mirum
2183 1595 2398 1689 igitur
2421 1594 2706 1695 Spartae

549 1733 1193 1816 utrumqueregem
1230 1721 1320 1792 ab
1351 1721 1656 1793 Hercule
1696 1732 2123 1817 prognatum
2168 1722 2440 1810 haberi,
2479 1745 2695 1818 quum

547 1856 793 1920 contra
811 1848 992 1919 alter
1012 1848 1101 1920 ab
1119 1848 1423 1943 Hylleis‚
1448 1848 1629 1920 alter
1669 1847 1756 1919 ab
1782 1848 2060 1921 Achaeis
2093 1872 2322 1942 genus
2366 1848 2704 1921 duceret?

665 1973 1029 2069 Lycurgus
1100 1979 1356 2060 autem,
1402 1973 1985 2069 quemadmodum
2060 1975 2426 2069 utriusque
2506 1974 2699 2066 regis

545 2102 735 2195 paria
764 2102 931 2193 jura
963 2099 1213 2187 effecit,
1249 2100 1342 2170 ita
1379 2100 1661 2171 curavit
1693 2123 1783 2171 ne
1821 2100 2008 2171 inter
2048 2123 2122 2171 se
2159 2100 2258 2171 ita
2297 2102 2702 2195 conjunge—

545 2232 816 2317 rentur,
835 2238 909 2300 ut
938 2228 1222 2298 omnino
1252 2226 1656 2330 aboleretur
1693 2228 1839 2316 illa,
1869 2250 2078 2321 quam
2110 2236 2382 2299 tantum
2403 2227 2491 2298 a'd
2512 2237 2649 2298 tem
2678 2270 2699 2279 ·

544 2353 924 2449 parandam
974 2352 1475 2445 rempublicam
1516 2350 1842 2445 proferre
1882 2352 2210 2437 vidimus,
2252 2353 2438 2425 inter
2488 2376 2698 2443 reges

545 2478 889 2552 dissensio
907 2505 924 2570 3
945 2478 1403 2574 quamobrem
1423 2477 1510 2552 de
1530 2477 1898 2550 connubiis
1912 2479 2102 2551 inter
2113 2478 2432 2551 homines
2451 2478 2702 2551 mulie-

546 2626 799 2699 resque
819 2602 1179 2675 amborum
1202 2602 1624 2675 familiarum
1647 2603 2032 2677 interdixit.
2063 2603 2251 2676 Rem
2271 2601 2366 2675 ita
2388 2602 2702 2675 habitam

544 2744 708 2802 esse·
743 2728 922 2799 illud
971 2725 1370 2799 manifestat
1417 2727 1602 2822 quod
1645 2729 2141 2801 animadvertit
2186 2729 2616 2823 Kopstadtus
2642 2726 2697 2819 ¹,

544 2854 834 2943 scilicet,
882 2876 1112 2947 quum·
1146 2853 1214 2922 in
1261 2861 1550 2946 utraque
1593 2864 1804 2944 gente
1845 2877 1983 2923 non
2042 2876 2205 2925 raro
2236 2852 2496 2924 factum
2539 2876 2702 2924 esse

544 2983 835 3065 constet,
871 2985 950 3047 ut
980 2977 1277 3070 juvenes
1301 2976 1567 3070 puellas
1606 2978 2033 3072 propinquas
2070 2966 2240 3067 sibi,
2283 3001 2407 3049 seu
2439 3000 2700 3048 conso—

543 3101 808 3190 brina’S,
846 3123 966 3171 seu
1009 3108 1251 3193 neptes
1293 3098 1658 3192 ducerent,
1702 3101 1976 3171 nullum
2023 3102 2230 3172 ullius
2264 3101 2697 3173 matrimonii

541 3227 730 3327 inter·
781 3227 1146 3319 utriusque
1174 3223 1474 3299 familiae·
1497 3227 1717 3317 regiae
1755 3235 2072 3321 posteros
2098 3227 2278 3320 pacti
2313 3228 2692 3319 vestigium

541 3352 843 3445 reperiri
887 3374 1120 3445 posse.
2226 3433 2230 3437 ,

639 3476 968 3570 Lycurgo
997 3492 1165 3549 vero
1194 3478 1420 3549 ressex
1452 3477 2063 3573 proposito-cessit,
2087 3486 2155 3551 et
2177 3479 2686 3572 Spartanorum

541 3601 854 3673 moribus
891 3601 991 3674 ita
1027 3602 1309 3674 insitum
1351 3601 1570 3675 fuisse
1617 3605 1937 3675 videmus
1977 3627 2016 3675 a
2083 3603 2360 3676 duobus
2408 3607 2691 3681 omnino

540 3727 835 3799 diversis
878 3725 1162 3798 familiis
1189 3726 1558 3820 imperium
1600 3729 1938 3814 exerceri,
1972 3738 2049 3800 ut
2086 3729 2460 3801 maximam
2498 3729 2686 3823 apud

539 3853 727 3924 cives
780 3852 1332 3945 indignationem
1380 3855 1784 3926 excitaverit
1830 3853 2236 3926 Cleomenes
2289 3854 2418 3945 ΙΙΙ,
2479 3878 2689 3949 quum
2782 3944 2785 3945 ⁷

540 3975 830 4049 fratrem
852 4000 1058 4047 suum
1084 3971 1448 4047 Euclidem
1472 3977 1677 4070 regni
1696 3976 1961 4049 socium
1980 3978 2113 4049 sibi
2142 3978 2675 4074 cooptavisset2.

602 4225 618 4258 ¹
656 4221 967 4281 Kops'mnr,
1030 4224 1107 4271 De
1170 4238 1372 4272 rerum
1425 4223 1817 4274 laconiam-um
1881 4225 2314 4275 constitutionis
2390 4225 2692 4289 Lyeuryeae

535 4303 763 4362 oriyine
795 4311 846 4349 ec
876 4303 1073 4357 indole,
1103 4319 1152 4366 p.
1195 4303 1275 4352 96,
2324 4308 2332 4319 '

600 4383 623 4418 2
662 4383 855 4441 Pm‘r„
888 4382 1197 4434 Cleomenis
1223 4385 1366 4445 vita,
1393 4385 1484 4445 XI,
1510 4384 1557 4434 2.
1620 4439 1628 4446 ,
