3131 5037
540 585 602 638 24
1250 574 1256 583 '
1318 573 1322 577 '
1365 577 1465 627 DE
1499 573 1878 627 LYCURGO

541 714 631 784 ob
668 732 950 783 causam
1004 708 1153 801 ejus
1221 704 1310 776 ad
1348 704 1599 776 Chium
1645 701 2171 794 navigationem
2220 678 2682 794 excogitatam

539 835 783 924 fuisse,
819 831 999 930 quod
1045 830 1547 926 ibiLyeurgus
1577 829 1959 899 Homerum
2008 826 2442 916 convenerit,
2486 827 2681 921 cujus

540 958 991 1044 carminibus,
1025 957 1328 1052 primum
1372 954 1955 1025 Lacedaemonem
1997 952 2388 1047 asportatiS,
2424 974 2682 1024 recen-

541 1088 754 1159 tiores
795 1082 1292 1179 superbiebant
1333 1080 1689 1174 Spartani.

637 1212 866 1284 Multo
906 1209 1129 1280 adhuc
1157 1206 1513 1278 inaniores
1552 1205 2083 1300 inutilioresquo
2133 1205 2300 1275 mihi
2352 1206 2681 1277 videntur

543 1335 1082 1433 disquisitioneS,
1131 1356 1286 1427 quae
1353 1332 1440 1401 ad
1517 1329 1988 1401 definiendum
2058 1338 2479 1401 momentum
2546 1324 2682 1425 q'uo

541 1464 916 1559 Lycurgus
958 1460 1255 1530 rhetras
1294 1456 1533 1528 tulerit
1576 1456 1953 1549 pertinent.
2000 1454 2185 1557 Quid
2221 1456 2409 1526 enim
2444 1452 2683 1526 nostra

542 1586 760 1660 refert
780 1594 1043 1673 utrum,
1078 1584 1242 1655 dum
1263 1580 1575 1654 Charilai
1600 1590 1783 1651 tutor
1811 1589 2021 1667 esset,
2047 1604 2138 1652 an
2159 1581 2309 1676 ipso
2344 1587 2685 1674 regnante

544 1713 894 1802 Charila0,
931 1708 1450 1804 legislationem
1490 1705 1921 1778 instituerit?
1970 1708 2118 1779 Nec
2168 1707 2392 1801 magis
2439 1706 2684 1803 inqui-—

544 1862 702 1910 rere
749 1835 1146 1909 curabimus
1201 1856 1365 1929 qu0,
1398 1832 1679 1926 legibus
1724 1832 2032 1921 sancitis,
2069 1832 2204 1904 iter
2250 1830 2521 1922 fecerit,
2558 1854 2686 1904 nec

544 1963 662 2036 ubi
709 1984 1111 2057 supremum
1141 1959 1325 2030 diem
1371 1957 1646 2044 obierit,
1695 1982 1907 2053 quum
1963 1957 2240 2029 easdem
2282 1958 2491 2030 urbes
2529 1958 2686 2051 ejus

544 2087 866 2182 sepulcro
921 2085 1211 2179 gloriari
1260 2084 1648 2174 videamus,
1697 2107 1856 2179 quae
1905 2107 1981 2154 se
2026 2083 2112 2154 ab
2161 2106 2267 2167 eo,
2316 2093 2684 2177 antequam

544 2214 718 2286 tanti
751 2211 1056 2285 nominis
1091 2219 1301 2297 esset,
1335 2211 1653 2283 visitatas
1690 2207 1909 2281 fuisse
1944 2192 2484 2281 contendebant.

643 2341 816 2411 Haee
855 2338 1074 2430 igitur
1113 2336 1345 2408 omnia
1382 2336 1550 2431 quin
1591 2336 1661 2404 in
1695 2333 2091 2406 fabularum
2133 2358 2425 2406 numero
2475 2358 2702 2429 repo-2

545 2465 776 2539 nenda
829 2464 967 2535 sint
1026 2446 1230 2535 nemo
1291 2484 1480 2532 nunc
1532 2459 1825 2533 dubitat.
1897 2463 2074 2547 Quae
2135 2432 2344 2556 quum
2390 2460 2487 2533 ita
2517 2460 2683 2552 sint,
2735 2524 2742 2530 .

506 2591 715 2687 'quid
782 2590 1032 2660 mirum
1108 2590 1268 2660 ficta
1335 2588 1954 2684 commentia-inque
2023 2588 2309 2659 nomina
2370 2589 2688 2682 personis

546 2714 919 2809 adscripta,
976 2714 1189 2810 fuisse
1244 2737 1401 2808 quae
1456 2737 1612 2784 cum
1664 2715 1991 2808 Lycurgo
2049 2736 2237 2809 saepe
2286 2736 2687 2807 congressae

547 2839 880 2912 fuerant?
931 2838 1032 2909 lta
1097 2836 1448 2909 Charillus
1510 2838 1624 2909 vel
1685 2838 2045 2913 Charilaus
2077 2837 2344 2933 populi
2392 2837 2681 2928 laetitia,

555 2966 846 3036 Labotas
869 2964 1311 3058 populorum
1330 2973 1609 3059 pastor,
1637 2964 1998 3036 Eunomus
2014 2965 2281 3055 justuS,
2302 2963 2689 3035 Eucosmus

547 3088 926 3183 sapienter
979 3088 1397 3179 ordinaluS,
1460 3088 1808 3160 Alcander
1854 3088 1974 3160 vir
2037 3072 2250 3182 fortis
2307 3089 2683 3182 significat.

647 3214 872 3285 Multo
924 3212 1210 3307 majoris
1259 3237 1528 3308 quoque
1570 3215 1845 3296 erroris¹
1868 3215 2018 3309 ipse
2065 3205 2433 3311 L'ycurgus
2482 3236 2689 3286 causa

554 3336 687 3410 suit
733 3363 748 3409 :
805 3336 1141 3433 templum
1201 3347 1353 3409 erat
1390 3338 1924 3425 Lacedaemone,
1985 3339 2284 3412 dicatum
2329 3339 2691 3411 Minervae

556 3462 863 3558 Optileci
901 3460 1019 3534 vel
1063 3461 1525 3558 ophtalmiti,
1574 3464 1839 3536 scilieet
1877 3465 2030 3536 deae
2064 3466 2275 3557 cujus
2312 3465 2693 3537 acerrima

550 3588 839 3659 Iuntina
928 3596 1122 3659 sunt.
1215 3589 1314 3659 Ita
1394 3589 1465 3659 in
1543 3589 2020 3683 legislatorem
2097 3613 2295 3662 suum
2365 3587 2693 3684 Spartani

551 3703 816 3786 animos
874 3711 1364 3800 intendebant,
1428 3722 1504 3784 ut
1556 3714 1956 3796 Minervam
2029 3713 2518 3809 Oplztalmitin
2577 3713 2695 3785 vel

559 3836 910 3933 Optiletin
972 3846 1290 3909 vocatam
1349 3835 1570 3909 fuisse
1623 3838 1699 3907 in
1762 3862 1839 3910 re
1906 3846 1974 3911 et
2043 3847 2353 3934 tempore
2394 3846 2693 3911 conten-

556 3963 815 4054 derint,
843 3962 941 4033 ita
989 3983 1029 4032 a
1069 3962 1451 4034 Plutarcho
1479 3961 1503 4003 1
1556 3963 1901 4037 enarratis
1939 3988 1955 4034 ε
2006 3988 2041 4034 «
2089 3963 2391 4055 Divites,
2436 3964 2689 4060 inquit,

623 4249 640 4284 ¹
661 4246 826 4298 PLu'r.
862 4249 1013 4312 Lym,
1048 4249 1139 4307 XI,
1176 4249 1219 4310 1,
1254 4265 1329 4313 sq.
1361 4252 1446 4302 Διὸ
1485 4252 1574 4302 καὶ
1606 4251 1821 4315 μάλιστά
1862 4272 1977 4318 φασι
1999 4257 2069 4321 τῷ
2100 4254 2374 4322 Λυκούργῳ
2397 4257 2520 4324 πρὸς
2546 4263 2694 4307 τοῦτο

552 4329 608 4379 τὸ
653 4332 931 4393 πολίτευμα
986 4333 1236 4396 χκλεποὺς
1268 4333 1492 4397 γενέσθαι
1535 4334 1657 4392 τοὺς
1700 4329 1961 4401 εὐπόρους,
2013 4337 2102 4387 καὶ
2137 4336 2419 4396 συστάντας
2462 4333 2690 4389 ἐπάὐτὸν
