3131 5037
542 581 603 630 34
1357 581 1456 631 DE
1502 581 1883 632 LYCURGO

640 707 1050 780 Accuratior
1074 705 1382 801 profecto
1403 707 1743 797 Timaeus,
1770 708 1885 802 qui
1907 706 2419 800 chronologicis
2439 730 2681 802 quaes-

541 833 845 907 tionibus
867 832 1248 905 enodandis
1279 834 1538 928 saepius
1574 855 1859 927 operam
1899 833 2133 906 dedit:
2172 834 2371 905 illum
2398 833 2678 928 quidem

540 959 988 1031 vehementer
1034 957 1413 1051 Polybius¹
1458 958 1871 1053 perstringit
1918 967 2127 1055 atque
2159 961 2431 1031 incusat
2462 958 2669 1054 quod,

540 1106 762 1179 neque
782 1084 857 1154 in
882 1081 1090 1154 rebus
1113 1082 1434 1178 publicis,
1462 1106 1686 1180 neque
1708 1084 1783 1155 in
1805 1084 2013 1156 rebus
2035 1084 2306 1157 bellicis
2320 1096 2643 1157 versatus
2653 1140 2670 1174 ,

540 1207 807 1279 nullam
832 1230 870 1278 e
903 1230 1135 1279 rerum
1168 1231 1301 1279 usu
1319 1208 1765 1302 prudentiam
1789 1209 2175 1303 collegerit,
2212 1233 2435 1305 neque
2466 1234 2675 1304 pere-

538 1332 913 1427 grinandO,
966 1357 1047 1405 ac
1076 1333 1228 1405 loca
1275 1357 1433 1430 quae
1465 1328 1798 1408 describit
1835 1336 1981 1407 suis
2025 1337 2241 1408 oculis
2275 1337 2667 1423 lustrandO,

537 1479 779 1528 veram
835 1479 1072 1527 eorum
1152 1458 1624 1550 cognitionem
1711 1481 1962 1554 capere
2036 1460 2411 1532 studuerit.
2477 1461 2677 1533 Hanc

539 1569 707 1652 vero
773 1581 1046 1676 Polybii
1095 1559 1511 1655 sententiam
1554 1583 1992 1657 resciderunt
2048 1584 2337 1679 posteri,
2410 1609 2677 1681 nuper-

539 1731 670 1802 que
696 1707 942 1779 doctus
971 1705 1342 1779 affirmavit
1388 1706 1745 1796 criticus2,
1774 1709 2045 1781 Timaeo
2080 1710 2298 1782 multo
2339 1710 2473 1804 maj
2487 1734 2678 1783 orem

535 1832 623 1903 de
682 1838 1069 1926 'temporum
1117 1834 1638 1927 computatione
1699 1833 1908 1907 fidem
1964 1835 2428 1927 adhibendam
2469 1859 2668 1908 esse:

537 1959 654 2054 qui
684 1957 871 2028 enim
915 1957 1211 2051 ephoros
1259 1979 1411 2027 cum
1467 1958 1759 2052 regibus
1805 1960 2183 2054 spartanis,
2226 1961 2682 2034 athenienses·

536 2085 906 2156 archontas
947 2108 1102 2155 cum
1147 2085 1446 2156 Junonis
1485 2086 1962 2158 sacerdotibus
2014 2087 2382 2179 contulit3,
2438 2089 2674 2185 olym-

535 2211 844 2306 pionicas
873 2209 1155 2303 insuper
1191 2209 1461 2282 tabulas
1490 2210 1586 2282 ita
1614 2213 2000 2302 constituit,
2038 2223 2111 2283 nt
2144 2214 2356 2284 moris
2388 2215 2677 2308 posthac

534 2332 843 2404 omnium
880 2333 1090 2405 fuerit
1137 2356 1257 2405 eas
1292 2333 1382 2404 ad
1431 2345 1823 2428 temporum
1863 2336 2420 2430 supputationem
2468 2334 2677 2409 adhi-

536 2456 731 2530 bere.
1477 2472 1482 2478 ’

634 2582 833 2669 Quod
876 2607 1042 2656 vero
1080 2583 1168 2655 ad
1207 2585 1460 2679 prioris
1498 2586 1796 2657 Graeciae
1848 2585 2217 2659 historiam
2261 2587 2533 2678 attinet,
2580 2589 2675 2661 nil

533 2707 726 2779 aliud
749 2709 1055 2781 Timaeus
1077 2719 1347 2804 poterat
1372 2734 1584 2806 quam
1612 2711 1939 2785 instabile
1970 2714 2341 2803 aedificium
2378 2714 2670 2787 instabi-

533 2831 715 2904 libus
742 2832 1208 2908 fundamentis
1239 2847 1641 2930 exstruere3
1676 2839 1869 2911 varie
1901 2839 2085 2909 enim
2116 2840 2370 2911 tradita
2413 2842 2673 2913 verisi—

533 2957 785 3030 militer
845 2960 1028 3031 inter
1064 2983 1138 3031 se
1187 2984 1601 3056 componere
1629 2964 1864 3057 coepit,
1909 2976 1975 3036 et
2018 2987 2130 3035 res
2167 2973 2536 3037 enarratas
2574 2965 2671 3038 ita

531 3087 926 3181 disponere,
967 3095 1279 3180 utquam
1317 3088 1607 3160 minime
1648 3090 1830 3159 inter
1869 3113 1944 3161 se
1985 3100 2413 3184 pugnarent.

629 3211 915 3306 Aliquid
934 3211 1157 3283 simile
1179 3211 1637 3285 Alexandrini
1662 3213 1979 3315 profecto¹
2005 3239 2398 3309 suscepere,
2426 3218 2673 3311 quibus

532 3346 724 3409 tanta
771 3336 859 3408 ab
904 3338 1296 3409 auctoribus
1344 3339 1751 3433 quibusdam
1790 3341 2110 3413 adhibita
2150 3350 2255 3413 est
2306 3341 2520 3413 fides:
2561 3345 2673 3438 qui

532 3462 742 3551 enim,
788 3485 901 3533 res
952 3486 992 3534 a
1040 3464 1345 3556 Cecrope
1407 3471 1476 3533 et
1527 3464 1837 3535 Hercule
1890 3475 2135 3558 gestas
2226 3466 2466 3538 eodem
2527 3466 2672 3538 fere

532 3586 733 3657 modo
769 3595 1129 3677 enarrant,
1164 3610 1298 3682 quo
1364 3587 1863 3661 Themistoclis
1906 3587 2339 3684 Periclisque
2384 3565 2673 3661 historia

529 3711 778 3806 exponi
808 3712 1026 3783 solet:
1063 3734 1195 3808 qua
1224 3721 1460 3784 autem
1481 3712 1755 3784 ratione
1779 3736 1941 3784 suas
1962 3714 2509 3808 computationes
2528 3714 2673 3785 ins-

527 3836 843 3909 tituerint
884 3837 1230 3908 incertum
1269 3834 1505 3930 plane.
1551 3836 1713 3907 Non
1761 3858 2123 3931 possumus
2163 3846 2393 3909 tamen
2435 3837 2667 3909 Caroli

593 4048 613 4083 1
649 4046 940 4103 PonvssiuS,
974 4044 1090 4096 XII.
1122 4043 1182 4092 25
1203 4043 1255 4091 h.

588 4126 612 4163 2
649 4126 747 4176 Cn.
779 4125 1010 4182 CLASEN‚
1038 4123 1658 4174 Historisch·kricische
1700 4125 2203 4189 Untersuchunqen
2244 4125 2384 4175 iiber
2422 4125 2671 4175 Timaios

521 4221 634 4257 von
680 4205 1116 4258 Tauromenion.
1163 4202 1302 4262 Kiel,
1353 4203 1491 4253 1883.
1536 4232 1601 4241 -
1639 4203 1716 4254 Cf.
1770 4207 1959 4256 Revue
2002 4206 2335 4270 historique,
2390 4211 2429 4258 t.
2481 4206 2669 4267 XXVI,

526 4288 667 4346 1884,
702 4303 751 4351 p.
777 4287 892 4337 395.

584 4368 608 4405 3
639 4368 699 4419 C.
730 4366 1009 4423 Mnemon,
1053 4367 1286 4430 Fraym.
1319 4366 1445 4416 hist.
1479 4380 1667 4429 yraec„
1692 4372 1730 4416 t.
1769 4368 1811 4426 1,
1849 4383 1898 4433 p.
1930 4366 2039 4417 193.
