3131 5037
610 580 699 631 118
1406 579 1505 629 DE
1555 580 1939 632 LYCURGO

602 709 1224 803 omnes'aequalem
1252 707 1484 781 victus
1503 708 1921 804 portionem
1935 709 2403 804 ‘con-ferrent,
2436 708 2728 781 eadem-

595 857 754 930 que.
780 834 1078 906 vivendi
1121 833 1407 906 ratione
1456 843 1866 924 uterentur,
1918 835 2051 906 hoc
2095 837 2441 931 effectum
2487 835 2747 928 fuerat

595 964 682 1032 ut
715 984 882 1055 opes
911 959 1305 1056 voluptatis
1345 982 1573 1032 causa
1603 984 1748 1031 non
1784 968 2332 1055 empeterentur.

698 1085 818 1173 At,
854 1085 1037 1158 dicet
1069 1085 1356 1181 aliquiS‚
1404 1085 1748 1181 quomodo
1776 1085 2040 1159 factum
2083 1097 2186 1158 est
2215 1094 2294 1159 ut
2337 1085 2426 1157 'ea
2463 1108 2622 1180 quae
2667 1084 2744 1154 in

605 1209 808 1282 Creta
887 1209 1202 1297 vidisset,
1294 1212 1570 1306 Spartae
1638 1234 1779 1283 non
1858 1212 2262 1284 institueret
2339 1211 2740 1304 Lycurgus,

602 1334 867 1408 scilicet
894 1346 971 1408 ut
1008 1336 1196 1408 cives
1237 1360 1376 1408 non
1428 1336 1514 1408 de
1543 1360 1697 1427 suo,
1741 1337 1864 1409 sed
1916 1335 2200 1432 publico
2260 1343 2539 1430 sumptu
2585 1333 2747 1405 ale—

599 1463 882 1534 rentur?
923 1462 1147 1545 Quum
1189 1461 1363 1534 nihil
1397 1462 1583 1557 apud
1624 1472 1943 1536 auctores
1970 1461 2156 1558 quod
2200 1460 2743 1554 ad'responsum

602 1586 946 1680 pertineat
978 1587 1391 1680 reperiatur,
1418 1585 1595 1657 illud
1625 1609 1758 1680 ego
1798 1586 2133 1682 approb0‚
2161 1586 2428 1658 scilicet
2462 1587 2743 1680 Lycur-

599 1733 765 1805 gum
819 1711 1207 1785 instituisse
1255 1712 1609 1783 neminem
1660 1735 1860 1808 aequo
1892 1712 2055 1806 jure
2097 1712 2326 1783 civem
2367 1735 2548 1802 esse,
2604 1712 2742 1783 nisi

599 1836 908 1932 syssitiis
940 1846 1212 1932 partem
1242 1860 1440 1910 suam
1472 1837 1731 1910 afferre
1762 1850 2023 1932 posset,
2058 1860 2138 1910 eo
2179 1837 2360 1933 quod
2398 1837 2744 1914 intellexit

601 1964 750 2035 fieri
781 1963 1004 2036 solere
1034 1971 1108 2034 ut
1149 1964 1381 2035 minus
1433 1983 1713 2060 operam
1734 1964 2092 2059 impendat
2120 1964 2208 2036 ad
2235 1963 2742 2057 rempublicam

602 2088 940 2182 sapientia
969 2088 1524 2182 gubernandam,
1575 2090 1689 2184 qui
1746 2088 2011 2160 nullius
2049 2089 2150 2159 rei
2187 2111 2554 2183 possessor
2601 2098 2735 2180 est,

602 2212 841 2285 sedulo
906 2222 1151 2286 contra
1231 2212 1624 2285 concordiae
1692 2213 2061 2286 servandae
2127 2212 2477 2285 hominem
2551 2211 2745 2307 frugi

603 2336 998 2409 consulere.
1052 2338 1337 2410 Nullam
1378 2337 1599 2432 igitur
1653 2337 1868 2411 aliam
1918 2362 2202 2411 causam
2255 2338 2563 2431 invenio,
2617 2359 2745 2410 cur

603 2461 927 2537 statuerit
969 2471 1174 2559 turpe
1227 2484 1382 2535 esse
1427 2472 1687 2536 terram
1735 2462 2069 2555 vendere,
2129 2463 2547 2560 omninoque
2585 2462 2748 2558 lege

603 2589 905 2662 vetuerit
958 2588 1267 2660 vendere
1329 2587 1599 2684 ἀρχαίαν
1664 2586 1904 2684 μοίραν,
1970 2589 2044 2660 id
2102 2598 2210 2660 est
2256 2588 2553 2660 laconici
2613 2589 2746 2659 soli

601 2723 868 2809 partem
932 2715 1207 2810 cuique,
1265 2714 1415 2785 sive
1472 2715 1692 2803 diveS,
1758 2716 1908 2786 sive
1964 2736 2230 2809 pauper
2293 2713 2408 2804 sit,
2477 2713 2744 2808 pariter

602 2838 1044 2911 distributam
1086 2863 1103 2909 ε
1146 2840 1497 2912 notatione
1546 2839 1733 2910 enim
1778 2839 2069 2932 dignum
2100 2849 2204 2912 est
2251 2861 2292 2910 a
2336 2838 2747 2932 legislatore

604 2964 942 3036 sancitum
983 2961 1202 3036 fuisse
1231 2974 1302 3035 ut
1353 2965 1573 3059 ipsius
1612 2965 1938 3036 Laconiae
1990 2962 2289 3053 fructus,
2326 2987 2465 3035 non
2511 2973 2745 3035 autem

604 3077 881 3181 argenti
935 3112 1237 3181 summa,
1294 3088 1384 3162 ad
1435 3089 1737 3185 syssitia
1796 3088 2208 3162 conferendi
2254 3097 2532 3180 essent3
2568 3087 2744 3162 adeo

604 3215 837 3293 omnia
871 3215 1305 3310 disposuerat
1341 3226 1413 3288 ut
1452 3216 1642 3287 cives
1683 3239 1957 3311 semper
1989 3216 2237 3288 iisdem
2281 3214 2746 3310 possessioni-

605 3341 732 3412 bus
772 3349 1290 3435 permanerent.

702 3466 863 3538 Non
900 3465 1132 3537 multis
1161 3473 1316 3560 post
1344 3466 1752 3560 Lycurgum
1792 3466 2071 3538 saeculis
2100 3465 2497 3561 syssitiain
2542 3466 2747 3538 dete-

611 3590 752 3663 rius
772 3601 1037 3664 mutata
1066 3614 1217 3663 esse
1247 3615 1387 3662 non
1418 3590 1735 3688 equidem
1757 3592 2010 3686 ignoro
2032 3591 2083 3663 ¹.
2120 3592 2223 3663 Ea
2247 3593 2431 3663 enim
2459 3614 2500 3663 a
2524 3591 2748 3685 prima

607 3716 1046 3811 simplicitate
1080 3728 1368 3789 avocata
1402 3719 1550 3813 jam
1581 3717 1903 3791 viderant
1943 3716 2348 3791 Aristoteles
2368 3715 2398 3758 ²
2423 3719 2748 3791 Dicaear—

606 3841 992 3938 chusque³;
1082 3843 1248 3932 imo,
1293 3844 1539 3938 ¹plane
1620 3843 1936 3936 neglecta
2008 3841 2250 3933 fuisse,
2309 3843 2424 3915 vel
2476 3867 2748 3916 summa

605 4038 721 4087 ἔνθα
753 4037 841 4089 ἶσα
881 4039 963 4101 μὲν
1000 4039 1157 4102 φέρειν
1193 4039 1262 4096 εἰς
1295 4036 1357 4088 τὰ
1390 4032 1661 4102 ἐπιτήδεια,
1702 4038 1886 4100 ὁμοίως
1918 4035 1973 4088 δὲ
2014 4038 2296 4088 διαιτᾶσθαι
2334 4036 2500 4095 τάξας,
2539 4029 2747 4095 ἐποίησε

607 4115 673 4180 μὴ
701 4110 1003 4180 ἣδύπαθείας
1035 4115 1179 4168 ἕνεκα
1204 4117 1474 4184 χρημάτων
1506 4119 1796 4184 ὀρέγεσθαις

669 4196 687 4230 ¹
727 4195 1154 4248 B1ELscnowsK1.
1187 4197 1265 4245 De
1297 4198 1731 4260 Spartanorum
1760 4198 2013 4261 syssitiis,
2050 4213 2100 4262 p.
2128 4195 2210 4246 27.

670 4272 694 4308 ²
725 4274 916 4324 Ams‘r.
952 4275 1146 4338 Polit„
1167 4271 1240 4337 11,
1271 4275 1321 4337 6,
1346 4275 1430 4327 21.
1487 4314 1492 4319 .

587 4380 592 4384 ·
666 4353 691 4389 ⁸
724 4354 1109 4417 memnonos,
1142 4371 1223 4421 ap.
1257 4355 1625 4416 Aramaua„
1665 4355 1755 4417 IV,
1783 4356 1895 4418 141,
1930 4356 1989 4406 B.-
