<?xml version="1.0" encoding="UTF-8"?>
<!DOCTYPE html PUBLIC "-//W3C//DTD XHTML 1.0 Transitional//EN"
    "http://www.w3.org/TR/xhtml1/DTD/xhtml1-transitional.dtd">
<html xmlns="http://www.w3.org/1999/xhtml" xml:lang="en" lang="en">
 <head>
  <title>
</title>
<meta http-equiv="Content-Type" content="text/html;charset=utf-8" />
  <meta name='ocr-system' content='tesseract 3.04.00' />
  <meta name='ocr-capabilities' content='ocr_page ocr_carea ocr_par ocr_line ocrx_word'/>
</head>
<body>
  <div class='ocr_page' id='page_1' title='image "./delycurgothesis00bazigoog_0016.png"; bbox 0 0 3131 5037; ppageno 0'>
   <div class='ocr_carea' id='block_1_1' title="bbox 569 572 1863 623">
    <p class='ocr_par' dir='ltr' id='par_1_1' title="bbox 569 572 1863 623">
     <span class='ocr_line' id='line_1_1' title="bbox 569 572 1863 623; baseline 0.002 -3"><span class='ocrx_word' id='word_1_1' title='bbox 569 587 625 620; x_wconf 74' lang='grc' dir='ltr'>ιν</span> <span class='ocrx_word' id='word_1_2' title='bbox 1096 580 1102 587; x_wconf 90' lang='grc'><em>“</em></span> <span class='ocrx_word' id='word_1_3' title='bbox 1420 572 1863 623; x_wconf 83' lang='lat' dir='ltr'>PRAEFATIO</span> 
     </span>
    </p>
   </div>
   <div class='ocr_carea' id='block_1_2' title="bbox 541 702 2702 4418">
    <p class='ocr_par' dir='ltr' id='par_1_2' title="bbox 541 702 2702 4418">
     <span class='ocr_line' id='line_1_2' title="bbox 568 702 2695 796; baseline 0.003 -25"><span class='ocrx_word' id='word_1_4' title='bbox 568 702 811 794; x_wconf 86' lang='lat' dir='ltr'>regnis</span> <span class='ocrx_word' id='word_1_5' title='bbox 859 710 1099 795; x_wconf 91' lang='lat' dir='ltr'>gestas</span> <span class='ocrx_word' id='word_1_6' title='bbox 1150 702 1577 773; x_wconf 79' lang='lat' dir='ltr'>continuisse</span> <span class='ocrx_word' id='word_1_7' title='bbox 1632 702 1798 795; x_wconf 84' lang='lat' dir='ltr'>jure</span> <span class='ocrx_word' id='word_1_8' title='bbox 1859 703 2246 796; x_wconf 87' lang='lat' dir='ltr'>conjicitur.</span> <span class='ocrx_word' id='word_1_9' title='bbox 2309 705 2695 796; x_wconf 80' lang='lat' dir='ltr'>Herodot0‚</span> 
     </span>
     <span class='ocr_line' id='line_1_3' title="bbox 565 833 2702 928; baseline 0.003 -24"><span class='ocrx_word' id='word_1_10' title='bbox 565 857 645 905; x_wconf 92' lang='lat' dir='ltr'>eo</span> <span class='ocrx_word' id='word_1_11' title='bbox 687 835 871 928; x_wconf 92' lang='lat' dir='ltr'>quod</span> <span class='ocrx_word' id='word_1_12' title='bbox 907 836 1177 928; x_wconf 79' lang='lat' dir='ltr'>Spartae</span> <span class='ocrx_word' id='word_1_13' title='bbox 1217 844 1681 907; x_wconf 81' lang='lat' dir='ltr'>commoratus</span> <span class='ocrx_word' id='word_1_14' title='bbox 1716 845 1785 906; x_wconf 89' lang='lat' dir='ltr'>et</span> <span class='ocrx_word' id='word_1_15' title='bbox 1835 833 2149 906; x_wconf 89' lang='lat' dir='ltr'>veritatis</span> <span class='ocrx_word' id='word_1_16' title='bbox 2180 838 2702 911; x_wconf 82' lang='lat' dir='ltr'>amantissimus</span> 
     </span>
     <span class='ocr_line' id='line_1_4' title="bbox 564 969 2701 1068; baseline 0.003 -27"><span class='ocrx_word' id='word_1_17' title='bbox 564 977 740 1059; x_wconf 85' lang='lat' dir='ltr'>erat,</span> <span class='ocrx_word' id='word_1_18' title='bbox 790 992 1049 1062; x_wconf 86' lang='lat' dir='ltr'>magna</span> <span class='ocrx_word' id='word_1_19' title='bbox 1098 970 1374 1065; x_wconf 89' lang='lat' dir='ltr'>quidem</span> <span class='ocrx_word' id='word_1_20' title='bbox 1416 971 1795 1042; x_wconf 89' lang='lat' dir='ltr'>auctoritas</span> <span class='ocrx_word' id='word_1_21' title='bbox 1847 969 2268 1062; x_wconf 89' lang='lat' dir='ltr'>adhibenda;</span> <span class='ocrx_word' id='word_1_22' title='bbox 2315 971 2436 1044; x_wconf 87' lang='lat' dir='ltr'>sed</span> <span class='ocrx_word' id='word_1_23' title='bbox 2482 996 2701 1068; x_wconf 91' lang='lat' dir='ltr'>pauca</span> 
     </span>
     <span class='ocr_line' id='line_1_5' title="bbox 563 1103 1228 1196; baseline 0.003 -24"><span class='ocrx_word' id='word_1_24' title='bbox 563 1103 649 1174; x_wconf 92' lang='lat' dir='ltr'>de</span> <span class='ocrx_word' id='word_1_25' title='bbox 681 1103 1004 1196; x_wconf 79' lang='lat' dir='ltr'>Lycurgo</span> <span class='ocrx_word' id='word_1_26' title='bbox 1036 1103 1228 1175; x_wconf 86' lang='lat' dir='ltr'>dixit.</span> 
     </span>
     <span class='ocr_line' id='line_1_6' title="bbox 551 1235 2699 1335; baseline 0.001 -27"><span class='ocrx_word' id='word_1_27' title='bbox 551 1258 555 1261; x_wconf 70' lang='grc'><strong>’</strong></span> <span class='ocrx_word' id='word_1_28' title='bbox 658 1237 887 1308; x_wconf 90' lang='lat' dir='ltr'>Multo</span> <span class='ocrx_word' id='word_1_29' title='bbox 929 1238 1216 1308; x_wconf 88' lang='lat' dir='ltr'>minoris</span> <span class='ocrx_word' id='word_1_30' title='bbox 1256 1235 1413 1310; x_wconf 88' lang='lat' dir='ltr'>fidei</span> <span class='ocrx_word' id='word_1_31' title='bbox 1444 1238 1836 1332; x_wconf 84' lang='lat' dir='ltr'>Xenophon</span> <span class='ocrx_word' id='word_1_32' title='bbox 1879 1237 1954 1308; x_wconf 90' lang='lat' dir='ltr'>in</span> <span class='ocrx_word' id='word_1_33' title='bbox 1986 1262 2111 1310; x_wconf 89' lang='lat' dir='ltr'>suo</span> <span class='ocrx_word' id='word_1_34' title='bbox 2157 1238 2243 1311; x_wconf 90' lang='lat' dir='ltr'>de</span> <span class='ocrx_word' id='word_1_35' title='bbox 2287 1237 2699 1335; x_wconf 73' lang='lat' dir='ltr'>Republica</span> 
     </span>
     <span class='ocr_line' id='line_1_7' title="bbox 562 1364 2700 1469; baseline 0.001 -27"><span class='ocrx_word' id='word_1_36' title='bbox 562 1364 1296 1443; x_wconf 72' lang='lat' dir='ltr'>Lacedoem&#39;oniorum</span> <span class='ocrx_word' id='word_1_37' title='bbox 1349 1370 1554 1460; x_wconf 78' lang='lat' dir='ltr'>libro,</span> <span class='ocrx_word' id='word_1_38' title='bbox 1605 1370 1722 1442; x_wconf 87' lang='lat' dir='ltr'>ubi</span> <span class='ocrx_word' id='word_1_39' title='bbox 1777 1373 2010 1466; x_wconf 90' lang='lat' dir='ltr'>potius</span> <span class='ocrx_word' id='word_1_40' title='bbox 2063 1371 2446 1446; x_wconf 90' lang='lat' dir='ltr'>laudatoris</span> <span class='ocrx_word' id='word_1_41' title='bbox 2495 1395 2700 1469; x_wconf 90' lang='lat' dir='ltr'>quam</span> 
     </span>
     <span class='ocr_line' id='line_1_8' title="bbox 559 1505 2690 1600; baseline 0.002 -26"><span class='ocrx_word' id='word_1_42' title='bbox 559 1505 863 1576; x_wconf 87' lang='lat' dir='ltr'>accurati</span> <span class='ocrx_word' id='word_1_43' title='bbox 894 1506 1254 1600; x_wconf 87' lang='lat' dir='ltr'>scriptoris</span> <span class='ocrx_word' id='word_1_44' title='bbox 1295 1528 1455 1577; x_wconf 91' lang='lat' dir='ltr'>eum</span> <span class='ocrx_word' id='word_1_45' title='bbox 1496 1515 1731 1599; x_wconf 89' lang='lat' dir='ltr'>partes</span> <span class='ocrx_word' id='word_1_46' title='bbox 1772 1529 1987 1599; x_wconf 89' lang='lat' dir='ltr'>agere</span> <span class='ocrx_word' id='word_1_47' title='bbox 2026 1507 2202 1580; x_wconf 90' lang='lat' dir='ltr'>alias</span> <span class='ocrx_word' id='word_1_48' title='bbox 2232 1507 2690 1580; x_wconf 81' lang='lat' dir='ltr'>ostendimus,</span> 
     </span>
     <span class='ocr_line' id='line_1_9' title="bbox 656 1638 2699 1735; baseline 0 -23"><span class='ocrx_word' id='word_1_49' title='bbox 656 1641 938 1712; x_wconf 84' lang='lat' dir='ltr'>Rursus</span> <span class='ocrx_word' id='word_1_50' title='bbox 970 1640 1041 1710; x_wconf 91' lang='lat' dir='ltr'>in</span> <span class='ocrx_word' id='word_1_51' title='bbox 1070 1639 1349 1733; x_wconf 81' lang='lat' dir='ltr'>dialogo</span> <span class='ocrx_word' id='word_1_52' title='bbox 1381 1640 1471 1710; x_wconf 84' lang='lat' dir='ltr'>de</span> <span class='ocrx_word' id='word_1_53' title='bbox 1502 1638 1821 1732; x_wconf 67' lang='lat' dir='ltr'>Leyz&#39;bus</span> <span class='ocrx_word' id='word_1_54' title='bbox 1852 1640 2470 1735; x_wconf 79' lang='lat' dir='ltr'>praesertimcurat</span> <span class='ocrx_word' id='word_1_55' title='bbox 2498 1641 2699 1714; x_wconf 93' lang='lat' dir='ltr'>Plato</span> 
     </span>
     <span class='ocr_line' id='line_1_10' title="bbox 559 1774 2593 1870; baseline 0.001 -24"><span class='ocrx_word' id='word_1_56' title='bbox 559 1783 629 1846; x_wconf 89' lang='lat' dir='ltr'>ut</span> <span class='ocrx_word' id='word_1_57' title='bbox 652 1797 830 1846; x_wconf 83' lang='lat' dir='ltr'>suas</span> <span class='ocrx_word' id='word_1_58' title='bbox 869 1774 960 1847; x_wconf 92' lang='lat' dir='ltr'>de</span> <span class='ocrx_word' id='word_1_59' title='bbox 990 1776 1250 1870; x_wconf 89' lang='lat' dir='ltr'>optima</span> <span class='ocrx_word' id='word_1_60' title='bbox 1288 1775 1786 1849; x_wconf 89' lang='lat' dir='ltr'>constitutione</span> <span class='ocrx_word' id='word_1_61' title='bbox 1815 1776 2172 1870; x_wconf 88' lang='lat' dir='ltr'>opiniones</span> <span class='ocrx_word' id='word_1_62' title='bbox 2203 1777 2593 1850; x_wconf 88' lang='lat' dir='ltr'>confirmet.</span> 
     </span>
     <span class='ocr_line' id='line_1_11' title="bbox 654 1909 2697 2008; baseline 0.003 -28"><span class='ocrx_word' id='word_1_63' title='bbox 654 1910 958 1982; x_wconf 84' lang='lat' dir='ltr'>Maxime</span> <span class='ocrx_word' id='word_1_64' title='bbox 1016 1910 1336 1983; x_wconf 88' lang='lat' dir='ltr'>deflenda</span> <span class='ocrx_word' id='word_1_65' title='bbox 1395 1909 1706 2005; x_wconf 87' lang='lat' dir='ltr'>profecto</span> <span class='ocrx_word' id='word_1_66' title='bbox 1769 1913 1858 1982; x_wconf 91' lang='lat' dir='ltr'>iis</span> <span class='ocrx_word' id='word_1_67' title='bbox 1910 1914 2023 2007; x_wconf 90' lang='lat' dir='ltr'>qui</span> <span class='ocrx_word' id='word_1_68' title='bbox 2084 1913 2432 2008; x_wconf 89' lang='lat' dir='ltr'>spartanis</span> <span class='ocrx_word' id='word_1_69' title='bbox 2483 1913 2697 1986; x_wconf 85' lang='lat' dir='ltr'>rebus</span> 
     </span>
     <span class='ocr_line' id='line_1_12' title="bbox 554 2017 2698 2141; baseline 0.002 -28"><span class='ocrx_word' id='word_1_70' title='bbox 554 2043 962 2115; x_wconf 87' lang='lat' dir='ltr'>incumbunt</span> <span class='ocrx_word' id='word_1_71' title='bbox 1021 2043 1420 2117; x_wconf 87' lang='lat' dir='ltr'>Aristotelis</span> <span class='ocrx_word' id='word_1_72' title='bbox 1478 2044 2215 2117; x_wconf 70' lang='lat' dir='ltr'>Lacedaemoniorum</span> <span class='ocrx_word' id='word_1_73' title='bbox 2269 2017 2698 2141; x_wconf 66' lang='lat' dir='ltr'>reipublicae</span> 
     </span>
     <span class='ocr_line' id='line_1_13' title="bbox 546 2180 2697 2287; baseline 0.001 -37"><span class='ocrx_word' id='word_1_74' title='bbox 546 2180 824 2274; x_wconf 88' lang='lat' dir='ltr'>jactura</span> <span class='ocrx_word' id='word_1_75' title='bbox 866 2189 969 2252; x_wconf 85' lang='lat' dir='ltr'>est</span> <span class='ocrx_word' id='word_1_76' title='bbox 997 2207 1014 2267; x_wconf 80' lang='lat'>3</span> <span class='ocrx_word' id='word_1_77' title='bbox 1051 2180 1234 2275; x_wconf 91' lang='lat' dir='ltr'>quod</span> <span class='ocrx_word' id='word_1_78' title='bbox 1263 2181 1352 2252; x_wconf 94' lang='lat' dir='ltr'>ad</span> <span class='ocrx_word' id='word_1_79' title='bbox 1384 2181 1810 2276; x_wconf 86' lang='lat' dir='ltr'>propositum</span> <span class='ocrx_word' id='word_1_80' title='bbox 1841 2191 2159 2253; x_wconf 88' lang='lat' dir='ltr'>nostrum</span> <span class='ocrx_word' id='word_1_81' title='bbox 2189 2181 2459 2287; x_wconf 87' lang='lat' dir='ltr'>attinet,</span> <span class='ocrx_word' id='word_1_82' title='bbox 2495 2181 2697 2275; x_wconf 86' lang='lat' dir='ltr'>paulo</span> 
     </span>
     <span class='ocr_line' id='line_1_14' title="bbox 556 2312 2693 2410; baseline 0.003 -28"><span class='ocrx_word' id='word_1_83' title='bbox 556 2313 782 2384; x_wconf 92' lang='lat' dir='ltr'>minus</span> <span class='ocrx_word' id='word_1_84' title='bbox 822 2312 1310 2402; x_wconf 85' lang='lat' dir='ltr'>desideranda,</span> <span class='ocrx_word' id='word_1_85' title='bbox 1369 2315 1554 2410; x_wconf 90' lang='lat' dir='ltr'>quod</span> <span class='ocrx_word' id='word_1_86' title='bbox 1603 2316 1727 2387; x_wconf 92' lang='lat' dir='ltr'>illa</span> <span class='ocrx_word' id='word_1_87' title='bbox 1760 2324 2175 2410; x_wconf 87' lang='lat' dir='ltr'>tempestate</span> <span class='ocrx_word' id='word_1_88' title='bbox 2206 2315 2497 2388; x_wconf 82' lang='lat' dir='ltr'>multum</span> <span class='ocrx_word' id='word_1_89' title='bbox 2538 2317 2693 2410; x_wconf 89' lang='lat' dir='ltr'>jam</span> 
     </span>
     <span class='ocr_line' id='line_1_15' title="bbox 552 2447 2692 2544; baseline 0.003 -28"><span class='ocrx_word' id='word_1_90' title='bbox 552 2447 990 2520; x_wconf 86' lang='lat' dir='ltr'>desciverant</span> <span class='ocrx_word' id='word_1_91' title='bbox 1052 2448 1387 2544; x_wconf 77' lang='lat' dir='ltr'>lycurgea</span> <span class='ocrx_word' id='word_1_92' title='bbox 1458 2449 1810 2523; x_wconf 88' lang='lat' dir='ltr'>instituta.</span> <span class='ocrx_word' id='word_1_93' title='bbox 1894 2450 2044 2522; x_wconf 84' lang='lat' dir='ltr'>Ncc</span> <span class='ocrx_word' id='word_1_94' title='bbox 2106 2450 2454 2523; x_wconf 88' lang='lat' dir='ltr'>immerito</span> <span class='ocrx_word' id='word_1_95' title='bbox 2512 2451 2692 2523; x_wconf 89' lang='lat' dir='ltr'>idem</span> 
     </span>
     <span class='ocr_line' id='line_1_16' title="bbox 552 2582 2692 2680; baseline 0.002 -27"><span class='ocrx_word' id='word_1_96' title='bbox 552 2582 840 2654; x_wconf 88' lang='lat' dir='ltr'>Isocrati</span> <span class='ocrx_word' id='word_1_97' title='bbox 919 2582 1311 2675; x_wconf 83' lang='lat' dir='ltr'>objiciatur,</span> <span class='ocrx_word' id='word_1_98' title='bbox 1404 2608 1612 2680; x_wconf 83' lang='lat' dir='ltr'>quom</span> <span class='ocrx_word' id='word_1_99' title='bbox 1692 2587 2060 2680; x_wconf 85' lang='lat' dir='ltr'>Spartanis</span> <span class='ocrx_word' id='word_1_100' title='bbox 2148 2585 2692 2658; x_wconf 83' lang='lat' dir='ltr'>infensissimum</span> 
     </span>
     <span class='ocr_line' id='line_1_17' title="bbox 551 2716 2693 2815; baseline 0.003 -30"><span class='ocrx_word' id='word_1_101' title='bbox 551 2716 765 2789; x_wconf 81' lang='lat' dir='ltr'>fuisse</span> <span class='ocrx_word' id='word_1_102' title='bbox 787 2741 990 2788; x_wconf 88' lang='lat' dir='ltr'>nemo</span> <span class='ocrx_word' id='word_1_103' title='bbox 1012 2717 1317 2810; x_wconf 79' lang='lat' dir='ltr'>ignorat.</span> <span class='ocrx_word' id='word_1_104' title='bbox 1348 2718 1693 2789; x_wconf 89' lang='lat' dir='ltr'>Nonnihil</span> <span class='ocrx_word' id='word_1_105' title='bbox 1724 2720 2002 2815; x_wconf 89' lang='lat' dir='ltr'>quidem</span> <span class='ocrx_word' id='word_1_106' title='bbox 2026 2720 2115 2791; x_wconf 93' lang='lat' dir='ltr'>ad</span> <span class='ocrx_word' id='word_1_107' title='bbox 2136 2720 2693 2813; x_wconf 84' lang='lat' dir='ltr'>cognoscendum</span> 
     </span>
     <span class='ocr_line' id='line_1_18' title="bbox 551 2850 2685 2948; baseline 0.002 -27"><span class='ocrx_word' id='word_1_108' title='bbox 551 2850 896 2947; x_wconf 84' lang='lat' dir='ltr'>quomodo</span> <span class='ocrx_word' id='word_1_109' title='bbox 919 2850 1440 2943; x_wconf 86' lang='lat' dir='ltr'>Peloponnesus</span> <span class='ocrx_word' id='word_1_110' title='bbox 1463 2852 1744 2924; x_wconf 87' lang='lat' dir='ltr'>subacta</span> <span class='ocrx_word' id='word_1_111' title='bbox 1780 2852 1989 2925; x_wconf 87' lang='lat' dir='ltr'>fuerit</span> <span class='ocrx_word' id='word_1_112' title='bbox 2022 2852 2294 2925; x_wconf 81' lang='lat' dir='ltr'>confert</span> <span class='ocrx_word' id='word_1_113' title='bbox 2334 2854 2685 2948; x_wconf 77' lang='lat' dir='ltr'>EphorUS,</span> 
     </span>
     <span class='ocr_line' id='line_1_19' title="bbox 549 2983 2692 3082; baseline 0 -25"><span class='ocrx_word' id='word_1_114' title='bbox 549 2985 673 3057; x_wconf 90' lang='lat' dir='ltr'>sed</span> <span class='ocrx_word' id='word_1_115' title='bbox 711 2984 947 3055; x_wconf 83' lang='lat' dir='ltr'>multae</span> <span class='ocrx_word' id='word_1_116' title='bbox 996 2984 1180 3077; x_wconf 91' lang='lat' dir='ltr'>apud</span> <span class='ocrx_word' id='word_1_117' title='bbox 1228 2983 1690 3056; x_wconf 86' lang='lat' dir='ltr'>eum&#39;fabulae</span> <span class='ocrx_word' id='word_1_118' title='bbox 1743 2988 2202 3082; x_wconf 87' lang='lat' dir='ltr'>reperiuntur,</span> <span class='ocrx_word' id='word_1_119' title='bbox 2244 3009 2401 3081; x_wconf 77' lang='lat' dir='ltr'>quae</span> <span class='ocrx_word' id='word_1_120' title='bbox 2450 2986 2692 3058; x_wconf 90' lang='lat' dir='ltr'>sedulo</span> 
     </span>
     <span class='ocr_line' id='line_1_20' title="bbox 549 3117 2691 3209; baseline -0 -20"><span class='ocrx_word' id='word_1_121' title='bbox 549 3118 1043 3191; x_wconf 82' lang='lat' dir='ltr'>submovendae</span> <span class='ocrx_word' id='word_1_122' title='bbox 1117 3129 1278 3190; x_wconf 89' lang='lat' dir='ltr'>sunt</span> <span class='ocrx_word' id='word_1_123' title='bbox 1302 3144 1322 3209; x_wconf 82' lang='lat'>3</span> <span class='ocrx_word' id='word_1_124' title='bbox 1404 3119 1807 3191; x_wconf 87' lang='lat' dir='ltr'>Heraclidis</span> <span class='ocrx_word' id='word_1_125' title='bbox 1834 3174 1851 3208; x_wconf 87' lang='lat'><strong><em>,</em></strong></span> <span class='ocrx_word' id='word_1_126' title='bbox 1934 3117 2368 3206; x_wconf 82' lang='lat' dir='ltr'>Dicaearchi,</span> <span class='ocrx_word' id='word_1_127' title='bbox 2435 3118 2691 3189; x_wconf 84' lang='lat' dir='ltr'>Sosibii</span> 
     </span>
     <span class='ocr_line' id='line_1_21' title="bbox 545 3252 2691 3350; baseline -0.001 -26"><span class='ocrx_word' id='word_1_128' title='bbox 545 3253 1059 3350; x_wconf 75' lang='lat' dir='ltr'>Molpidosque,</span> <span class='ocrx_word' id='word_1_129' title='bbox 1095 3255 1365 3326; x_wconf 84' lang='lat' dir='ltr'>Persaei</span> <span class='ocrx_word' id='word_1_130' title='bbox 1399 3263 1467 3326; x_wconf 89' lang='lat' dir='ltr'>et</span> <span class='ocrx_word' id='word_1_131' title='bbox 1507 3253 1906 3343; x_wconf 81' lang='lat' dir='ltr'>Aristoclis‚</span> <span class='ocrx_word' id='word_1_132' title='bbox 1945 3252 2239 3347; x_wconf 87' lang='lat' dir='ltr'>quorum</span> <span class='ocrx_word' id='word_1_133' title='bbox 2272 3274 2481 3345; x_wconf 89' lang='lat' dir='ltr'>opera</span> <span class='ocrx_word' id='word_1_134' title='bbox 2523 3262 2691 3323; x_wconf 89' lang='lat' dir='ltr'>tan-</span> 
     </span>
     <span class='ocr_line' id='line_1_22' title="bbox 545 3385 2594 3482; baseline -0.002 -21"><span class='ocrx_word' id='word_1_135' title='bbox 545 3398 688 3461; x_wconf 91' lang='lat' dir='ltr'>tum</span> <span class='ocrx_word' id='word_1_136' title='bbox 718 3389 802 3459; x_wconf 89' lang='lat' dir='ltr'>ad</span> <span class='ocrx_word' id='word_1_137' title='bbox 846 3412 973 3460; x_wconf 90' lang='lat' dir='ltr'>nos</span> <span class='ocrx_word' id='word_1_138' title='bbox 1011 3388 1493 3472; x_wconf 87' lang='lat' dir='ltr'>contulissent,</span> <span class='ocrx_word' id='word_1_139' title='bbox 1543 3387 1663 3458; x_wconf 86' lang='lat' dir='ltr'>vix</span> <span class='ocrx_word' id='word_1_140' title='bbox 1693 3410 1911 3481; x_wconf 92' lang='lat' dir='ltr'>pauca</span> <span class='ocrx_word' id='word_1_141' title='bbox 1946 3387 2095 3458; x_wconf 93' lang='lat' dir='ltr'>loca</span> <span class='ocrx_word' id='word_1_142' title='bbox 2129 3395 2537 3482; x_wconf 85' lang='lat' dir='ltr'>supersunt.</span> <span class='ocrx_word' id='word_1_143' title='bbox 2587 3385 2594 3392; x_wconf 77' lang='grc'><strong><em>’</em></strong></span> 
     </span>
     <span class='ocr_line' id='line_1_23' title="bbox 641 3521 2690 3619; baseline -0.001 -24"><span class='ocrx_word' id='word_1_144' title='bbox 641 3527 865 3611; x_wconf 86' lang='lat' dir='ltr'>Quam</span> <span class='ocrx_word' id='word_1_145' title='bbox 923 3547 1169 3619; x_wconf 87' lang='lat' dir='ltr'>parum</span> <span class='ocrx_word' id='word_1_146' title='bbox 1237 3530 1478 3594; x_wconf 88' lang='lat' dir='ltr'>cautus</span> <span class='ocrx_word' id='word_1_147' title='bbox 1548 3532 2065 3617; x_wconf 88' lang='lat' dir='ltr'>accuratusque</span> <span class='ocrx_word' id='word_1_148' title='bbox 2142 3522 2212 3592; x_wconf 90' lang='lat' dir='ltr'>in</span> <span class='ocrx_word' id='word_1_149' title='bbox 2296 3521 2690 3594; x_wconf 88' lang='lat' dir='ltr'>enarranda</span> 
     </span>
     <span class='ocr_line' id='line_1_24' title="bbox 542 3652 2682 3755; baseline -0.005 -24"><span class='ocrx_word' id='word_1_150' title='bbox 542 3659 1016 3755; x_wconf 72' lang='lat' dir='ltr'>Lycurgi‘vita</span> <span class='ocrx_word' id='word_1_151' title='bbox 1044 3655 1472 3730; x_wconf 89' lang='lat' dir='ltr'>Plutarchus</span> <span class='ocrx_word' id='word_1_152' title='bbox 1503 3652 1711 3726; x_wconf 80' lang='lat' dir='ltr'>fucrit</span> <span class='ocrx_word' id='word_1_153' title='bbox 1739 3652 1970 3725; x_wconf 90' lang='lat' dir='ltr'>dicere</span> <span class='ocrx_word' id='word_1_154' title='bbox 2000 3675 2192 3723; x_wconf 91' lang='lat' dir='ltr'>nunc</span> <span class='ocrx_word' id='word_1_155' title='bbox 2221 3652 2637 3746; x_wconf 90' lang='lat' dir='ltr'>supersedeo</span> <span class='ocrx_word' id='word_1_156' title='bbox 2666 3675 2682 3721; x_wconf 74' lang='grc' dir='ltr'><strong><em>ε</em></strong></span> 
     </span>
     <span class='ocr_line' id='line_1_25' title="bbox 544 3781 2689 3892; baseline -0.007 -26"><span class='ocrx_word' id='word_1_157' title='bbox 544 3796 700 3892; x_wconf 88' lang='lat' dir='ltr'>quis</span> <span class='ocrx_word' id='word_1_158' title='bbox 731 3795 951 3867; x_wconf 90' lang='lat' dir='ltr'>nescit</span> <span class='ocrx_word' id='word_1_159' title='bbox 992 3795 1180 3865; x_wconf 88' lang='lat' dir='ltr'>enim</span> <span class='ocrx_word' id='word_1_160' title='bbox 1225 3816 1385 3863; x_wconf 88' lang='lat' dir='ltr'>eum</span> <span class='ocrx_word' id='word_1_161' title='bbox 1422 3800 1759 3886; x_wconf 66' lang='lat' dir='ltr'>*Spartano</span> <span class='ocrx_word' id='word_1_162' title='bbox 1798 3783 2183 3877; x_wconf 81' lang='lat' dir='ltr'>legislatori</span> <span class='ocrx_word' id='word_1_163' title='bbox 2226 3781 2437 3878; x_wconf 91' lang='lat' dir='ltr'>plura</span> <span class='ocrx_word' id='word_1_164' title='bbox 2478 3781 2689 3854; x_wconf 88' lang='lat' dir='ltr'>attri-</span> 
     </span>
     <span class='ocr_line' id='line_1_26' title="bbox 541 3915 2684 4024; baseline -0.008 -23"><span class='ocrx_word' id='word_1_165' title='bbox 541 3929 774 4001; x_wconf 88' lang='lat' dir='ltr'>buisse</span> <span class='ocrx_word' id='word_1_166' title='bbox 808 3952 963 4024; x_wconf 81' lang='lat' dir='ltr'>quae</span> <span class='ocrx_word' id='word_1_167' title='bbox 1006 3929 1223 3999; x_wconf 88' lang='lat' dir='ltr'>multo</span> <span class='ocrx_word' id='word_1_168' title='bbox 1264 3926 1560 4014; x_wconf 78' lang='lat' dir='ltr'>tardiUS,</span> <span class='ocrx_word' id='word_1_169' title='bbox 1599 3933 1912 4013; x_wconf 88' lang='lat' dir='ltr'>tempore</span> <span class='ocrx_word' id='word_1_170' title='bbox 1948 3916 2201 4010; x_wconf 87' lang='lat' dir='ltr'>Agidis</span> <span class='ocrx_word' id='word_1_171' title='bbox 2252 3915 2684 3989; x_wconf 89' lang='lat' dir='ltr'>Cleomenis·</span> 
     </span>
     <span class='ocr_line' id='line_1_27' title="bbox 541 4060 1495 4159; baseline -0.006 -24"><span class='ocrx_word' id='word_1_172' title='bbox 541 4087 701 4159; x_wconf 82' lang='lat' dir='ltr'>que,</span> <span class='ocrx_word' id='word_1_173' title='bbox 749 4062 1135 4155; x_wconf 83' lang='lat' dir='ltr'>excogitata</span> <span class='ocrx_word' id='word_1_174' title='bbox 1168 4060 1495 4133; x_wconf 69' lang='lat' dir='ltr'>fuerant?</span> 
     </span>
     <span class='ocr_line' id='line_1_28' title="bbox 636 4184 2691 4291; baseline -0.005 -24"><span class='ocrx_word' id='word_1_175' title='bbox 636 4195 809 4279; x_wconf 75' lang='lat' dir='ltr'>Quae</span> <span class='ocrx_word' id='word_1_176' title='bbox 872 4219 1085 4291; x_wconf 89' lang='lat' dir='ltr'>quum</span> <span class='ocrx_word' id='word_1_177' title='bbox 1140 4194 1238 4265; x_wconf 87' lang='lat' dir='ltr'>ita</span> <span class='ocrx_word' id='word_1_178' title='bbox 1303 4192 1470 4280; x_wconf 83' lang='lat' dir='ltr'>sint,</span> <span class='ocrx_word' id='word_1_179' title='bbox 1528 4214 1611 4262; x_wconf 89' lang='lat' dir='ltr'>ea</span> <span class='ocrx_word' id='word_1_180' title='bbox 1683 4212 1851 4284; x_wconf 77' lang='lat' dir='ltr'>quae</span> <span class='ocrx_word' id='word_1_181' title='bbox 1917 4186 2002 4259; x_wconf 89' lang='lat' dir='ltr'>de</span> <span class='ocrx_word' id='word_1_182' title='bbox 2069 4186 2400 4281; x_wconf 85' lang='lat' dir='ltr'>Lycurgo</span> <span class='ocrx_word' id='word_1_183' title='bbox 2462 4184 2691 4256; x_wconf 89' lang='lat' dir='ltr'>attulit</span> 
     </span>
     <span class='ocr_line' id='line_1_29' title="bbox 542 4322 2682 4418; baseline -0.006 -15"><span class='ocrx_word' id='word_1_184' title='bbox 542 4332 965 4403; x_wconf 86' lang='lat' dir='ltr'>Plutarchus</span> <span class='ocrx_word' id='word_1_185' title='bbox 994 4329 1073 4399; x_wconf 20' lang='lat' dir='ltr'>fin</span> <span class='ocrx_word' id='word_1_186' title='bbox 1119 4340 1470 4400; x_wconf 82' lang='lat' dir='ltr'>severum</span> <span class='ocrx_word' id='word_1_187' title='bbox 1487 4324 1838 4418; x_wconf 87' lang='lat' dir='ltr'>judicium</span> <span class='ocrx_word' id='word_1_188' title='bbox 1866 4322 2320 4408; x_wconf 65' lang='lat' dir='ltr'>vocavimuss</span> <span class='ocrx_word' id='word_1_189' title='bbox 2346 4342 2682 4413; x_wconf 90' lang='lat' dir='ltr'>magnum</span> 
     </span>
    </p>
   </div>
  </div>
 </body>
</html>
