3131 5037
531 541 594 632 96
1359 583 1460 632 DE
1503 550 1884 633 LYcuRo‘o

531 736 668 808 quo
690 711 989 783 ostendit
1026 699 1364 806 quantum
1396 711 1482 782 ad
1519 721 1918 805 spartanam
1955 709 2452 804 rempublicam
2492 734 2675 783 con-

530 836 819 909 tulerint
861 836 1152 931 delphici
1203 836 1628 928 sacerdoteS‚
1676 857 1846 929 quos
1883 834 2351 931 Lyeuryidas
2391 838 2666 909 vocat¹.

625 962 803 1033 Nam
855 970 1316 1056 praeterquam
1370 963 1553 1055 quod
1611 962 1847 1055 plures
1899 964 2102 1034 affert
2152 963 2418 1035 ionicas
2477 964 2674 1036 Asiae

529 1088 821 1158 Minoris
877 1089 1088 1159 urbes
1107 1141 1125 1175 ,
1179 1088 1297 1157 ubi
1350 1088 1484 1158 duo
1537 1109 1744 1180 reges
1784 1087 1962 1159 alter
2017 1111 2055 1159 e
2111 1088 2347 1184 Lycia,
2411 1088 2592 1160 alter
2630 1112 2669 1159 e

535 1213 731 1308 Pylia
769 1213 971 1284 domo
999 1237 1136 1284 una
1179 1213 1251 1282 in
1290 1213 1462 1284 soli>
1492 1212 1828 1285 sedebant
1845 1211 1894 1301 ²,
1946 1237 2172 1284 nonne
2213 1224 2446 1285 monet
2475 1216 2673 1286 Pau*

531 1336 769 1407 sanias
827 1337 1252 1429 tripartitum
1306 1338 1518 1430 Argis
1587 1360 1885 1430 regnum
1964 1335 2279 1408 fuisse³2
2339 1337 2672 1411 Ultimum

530 1462 659 1532 hoc
702 1463 1100 1556 exemplum
1147 1486 1285 1533 non
1330 1462 1709 1557 plurimum
1753 1462 2032 1556 quidem
2082 1462 2295 1554 valet,
2340 1487 2548 1557 quum
2583 1464 2674 1536 ad

529 1588 808 1658 heroica
856 1588 976 1659 illa
1032 1599 1345 1682 tempora
1392 1588 1736 1680 pertineat
1792 1589 2039 1661 Oreste
2085 1588 2672 1681 citeriora3111ud

529 1722 758 1784 autom
795 1714 888 1784 ita
921 1714 1243 1784 evenisso
1276 1713 1442 1808 quid
1473 1714 1781 1785 mirum?
1816 1714 2083 1787 Natura
2115 1716 2303 1786 enim
2341 1714 2555 1788 fiebat
2593 1727 2671 1789 ut

529 1838 1011 1910 auctoritatem
1052 1838 1462 1933 aliquandiu
1502 1839 1653 1933 pari
1681 1839 1978 1935 imperio
2018 1851 2426 1911 exercerent
2459 1840 2671 1913 duces

528 1965 841 2060 gentium
873 1964 1157 2036 illarum
1200 1988 1380 2059 quae,
1421 1988 1458 2036 e
1496 1965 1693 2036 vario
1736 1965 2011 2059 quidem
2040 1988 2308 2058 genere
2338 1974 2538 2053 ortae,
2582 1966 2672 2038 ad

526 2089 882 2182 augendas
907 2091 1123 2182 vires,
1149 2090 1264 2161 vel
1292 2090 1504 2163 aliam
1525 2091 1614 2161 ob
1635 2113 1916 2162 causam
1944 2091 2019 2161 in
2046 2113 2263 2162 unum
2292 2102 2663 2179 venerant,

528 2212 841 2309 illudque
889 2212 1201 2286 fecerant
1245 2215 1432 2311 quod
1472 2215 1700 2286 Graeci
1742 2215 2082 2293 συνοικίζειν
2109 2216 2136 2256 4
2175 2216 2540 2288 vocabant.
2585 2217 2665 2287 In

528 2341 661 2411 hac
701 2340 923 2433 igitur
980 2341 1331 2429 societate,
1384 2364 1592 2433 reges
1651 2341 1804 2434 pari
1861 2351 2064 2412 erant
2114 2352 2477 2435 potestate,
2508 2341 2671 2414 'nec

528 2464 707 2537 alter
777 2490 865 2538 ex
921 2465 1214 2539 alterius
1271 2465 1560 2539 arbitrio
1627 2466 2001 2561 pendebat,
2061 2467 2182 2540 sed
2247 2491 2404 2563 quae
2471 2467 2670 2563 prius

526 2593 873 2687 communi
908 2592 1319 2665 auctoritate
1349 2591 1911 2664 deliberaverant
1942 2593 2194 2687 populo
2226 2593 2667 2688 exsequenda

529 2718 922 2790 tradebant.
1017 2696 1033 2721 ⁸

626 2818 815 2914 Idem
874 2843 1146 2937 Spartae
1204 2844 1523 2915 evenisse
1587 2841 2176 2913 verisimillimum
2231 2851 2336 2915 est
2379 2869 2394 2913 ε
2441 2845 2667 2914 Lace·
2746 2930 2753 2933 .

528 2967 907 3038 daemonios
948 2967 1136 3038 enim
1186 2991 1223 3038 e
1272 2966 1575 3037 diversis
1612 2966 1993 3061 generibus
2041 2964 2259 3038 fuisse
2283 2968 2434 3061 jam
2475 2966 2667 3037 vidi—

529 3115 707 3180 muS,
750 3094 1077 3189 ipsosque
1124 3115 1332 3185 reges
1369 3116 1510 3163 non
1548 3091 1636 3164 ab
1677 3072 1922 3165 eodem
1973 3094 2205 3187 stipite
2247 3101 2437 3164 ortos
2478 3116 2661 3183 esse,

529 3240 612 3288 ex
647 3218 794 3288 hoc.
821 3218 1117 3310 primum
1163 3219 1551 3311 conjectare
1594 3219 1757 3290 licet
1801 3218 1982 3314 quod
2025 3219 2418 3290 Pausanias
2458 3217 2669 3290 refert

527 3341 964 3436 Agiadarum
1023 3352 1091 3415 et
1126 3345 1782 3439 Eurypontidarum
1824 3345 2104 3416 diversa
2134 3345 2492 3439 gentilicia
2543 3368 2667 3416 se·-

527 3469 767 3564 p-ulcra
793 3469 830 3540 f
831 3467 1073 3542 uisse-'1
1095 3470 1317 3542 Nemo
1338 3481 1571 3543 autem
1602 3471 1885 3564 ignorat
1908 3472 2149 3566 quanti
2181 3471 2367 3566 apud
2392 3482 2666 3544 veteres

529 3596 855 3667 momenti
892 3593 1101 3667 fuerit
1140 3605 1214 3667 ut
1244 3598 1551 3669 omnium
1589 3622 1677 3670 ex
1715 3597 1958 3669 eadem
1997 3595 2264 3669 familia
2300 3598 2664 3685 hominum

592 3900 610 3934 ¹
646 3897 877 3958 Gazara,
901 3901 1137 3962 Lykurq
1163 3901 1287 3950 und
1311 3901 1400 3950 die
1419 3900 1734 3963 delphisclze
1753 3900 2201 3963 Priesterschafc
2223 3898 2276 3948 in
2295 3898 2664 3949 Rheinisches

530 3979 807 4036 Mus-eum.
831 3981 896 4029 N.
921 3981 1003 4040 F„
1037 3986 1073 4030 t.
1108 3981 1349 4041 XXVIII,
1378 3980 1522 4030 1873.

586 4059 610 4094 ²
644 4059 719 4109 Cf.
750 4060 1005 4121 Cum-ms,
1045 4063 1193 4110 Hist.
1217 4063 1285 4110 de
1319 4064 1376 4110 la
1412 4061 1602 4114 Grec-e,
1630 4060 1763 4110 trad.
1802 4059 2296 4123 Bouche-Leclercq,
2329 4064 2368 4110 t.
2393 4059 2435 4120 Ι,
2463 4075 2515 4123 p.
2545 4058 2659 4108 214.

585 4140 609 4176 3
642 4140 970 4200 ΡΑυεΑΝιΑε,
999 4143 1065 4204 ΙΙ,
1099 4143 1177 4203 18,
1210 4143 1258 4192 4.

584 4217 609 4253 ⁴
640 4220 903 4278 Gnatam,
952 4222 1192 4271 Studien
1227 4236 1337 4270 zur
1372 4223 1631 4283 altspart.
1670 4221 1858 4272 Gesoh.
1886 4237 1907 4270 .·
1946 4236 2057 4285 cap.
2092 4219 2234 4278 VIII,
2286 4235 2336 4283 p.
2374 4218 2505 4267 140:
2541 4217 2656 4267 Der

521 4300 907 4362 Synoikismos
936 4303 1190 4363 Spar-tas.

592 4378 615 4414 5
649 4379 979 4439 PAUSANJAs,
1012 4381 1104 4443 111,
1134 4381 1210 4441 14,
1240 4381 1289 4430 2.
