3131 5037
423 601 436 610 .
533 563 596 615 60
1353 565 1453 616 DE
1485 561 1862 616 LYCURGO

532 677 827 766 artificio
919 695 1300 785 meritoriO,
1407 696 1519 768 vel
1611 694 2071 789 agriculturae
2169 692 2616 766 incumbebat
2651 722 2670 787 ;

535 822 831 894 maxima
893 832 1126 894 tamen
1201 845 1539 916 agrorum
1598 847 1761 918 pars
1846 845 1887 895 a
1941 824 2169 895 servis
2238 821 2401 892 hinc
2448 820 2674 892 ‘illinc

534 949 809 1043 emptiS,
857 950 968 1021 vel
1008 948 1192 1022 bello
1234 950 1452 1043 captis
1486 946 1877 1021 colebatur.
1932 935 1939 943 ⁸

628 1075 722 1147 Hi
766 1085 968 1148 erant
1012 1074 1435 1147 Achaeorum
1493 1097 1717 1145 mores
1765 1082 2145 1169 antequam
2191 1075 2265 1145 in
2315 1074 2673 1170 Pelopon-

534 1222 772 1272 nesum
850 1198 1353 1271 descenderent
1444 1209 1696 1293 gentes
1782 1223 1936 1294 quae
2011 1200 2350 1282 hactenus
2402 1200 2670 1272 arduos

532 1324 1100 1419 septentrionalis
1176 1325 1474 1399 Graeciae
1549 1334 1822 1398 montes
1910 1325 2381 1399 incolebant.··
2442 1327 2671 1411 Quam

529 1450 618 1527 ab
657 1451 1081 1524 Achaeorum
1163 1451 1309 1523 vita
1393 1451 1754 1522 dissimilis
1816 1450 2067 1523 harum
2134 1460 2318 1523 esset
2383 1451 2665 1522 vivendi

533 1577 803 1669 moduS‚
870 1577 988 1649 vix
1042 1600 1215 1672 opus
1274 1585 1379 1649 est
1435 1589 1511 1647 ut
1565 1576 1792 1649 dicam
1851 1601 1867 1646 ε
1930 1600 2145 1671 quum
2199 1576 2385 1648 enim
2457 1577 2670 1670 longo

528 1704 752 1796 spatio
797 1726 838 1775 a
893 1703 1069 1775 mari
1133 1711 1577 1792 arcerentur,
1635 1724 1764 1774 nec
1811 1726 1967 1774 cum
2019 1702 2383 1797 AEgyptiis
2433 1703 2672 1796 Assy—

529 1829 791 1924 riisque
866 1852 990 1923 per
1060 1828 1433 1901 Phoenices
1516 1828 2135 1917 communicarent,
2224 1828 2516 1901 multum
2583 1828 2671 1901 ab

527 1954 940 2026 Achaeorum
971 1953 1163 2026 cultu
1204 1953 1521 2025 aberant.
1555 1954 1722 2044 Eos,
1767 1961 1843 2025 ut
1883 1953 2054 2024 mihi
2109 1953 2417 2042 videtur,
2470 1953 2675 2026 desi-

503 2075 699 2172 'gnat
753 2077 1203 2174 Thucydides
1268 2102 1483 2173 quum
1514 2077 1776 2149 dicit¹z
1843 2079 2088 2157 Quum
2137 2077 2238 2149 eis
2277 2077 2672 2172 neyotiatio

526 2205 739 2276 nulla
774 2214 977 2293 esset,
1019 2228 1148 2275 nec
1179 2205 1372 2274 ullus
1403 2203 1603 2274 inter
1633 2203 1820 2298 ipsos
1842 2212 2160 2298 propter
2184 2201 2673 2296 formidinem

443 2413 446 2418 ³
527 2331 959 2402 commercio
993 2332 1183 2403 loeus
1218 2331 1657 2420 claretum...
1713 2353 2080 2423 quumque
2117 2351 2330 2400 suam
2370 2327 2675 2422 quisque

529 2466 810 2531 terram
876 2458 1223 2529 hactenus
1283 2457 1590 2544 coleret,
1642 2464 1722 2527 ut
1787 2454 2019 2528 victui
2076 2456 2481 2550 sufficeret,
2540 2478 2672 2526 nec

516 2584 862 2680 pecuniae
893 2582 1037 2653 vim
1061 2582 1440 2671 haberent,
1482 2605 1617 2654 nee
1647 2583 1951 2653 humum
1990 2581 2375 2654 arboribus
2416 2605 2674 2652 eonse-

523 2717 806 2796 rerent,
887 2708 1060 2797 quia
1102 2708 1469 2780 incertum
1517 2717 1688 2781 erat
1732 2709 2023 2796 quando
2066 2708 2222 2796 quis
2282 2707 2503 2792 aliuS,
2547 2707 2673 2777 in-

528 2833 867 2905 cursione
903 2838 1138 2930 facta,
1172 2834 1514 2926 'fructum
1584 2826 1970 2905 ablaturus
2004 2842 2206 2922 esset,
2254 2832 2674 2928 praesertim

526 2982 753 3054 quum
790 2965 1027 3029 muris
1064 2982 1207 3029 nori
1227 2958 1588 3030 muniti...
1629 2959 1832 3029 haud
1863 2968 2181 3052 yravate
2201 2959 2404 3029 sedes
2435 2966 2673 3029 muta-

530 3083 731 3174 bant,
777 3094 848 3157 et
897 3083 980 3155 ob
1018 3082 1099 3154 id
1133 3080 1372 3179 ipsum
1410 3107 1541 3155 nec
1594 3083 2109 3177 magnitudine
2162 3082 2487 3172 urbium,
2541 3105 2675 3154 nee

526 3212 814 3308 reliquo
853 3211 1192 3283 valebant
1217 3217 1621 3306 apparatu.

623 3338 796 3422 Quae
827 3360 1037 3432 quum
1078 3336 1173 3408 ita
1209 3335 1379 3425 sint,
1414 3334 1580 3431 quid
1611 3333 1862 3404 mirum
1893 3332 2265 3406 bellicosas
2289 3333 2450 3405 illas
2482 3357 2673 3427 gen—

529 3449 631 3534 tes
679 3461 1095 3559 populorum
1148 3461 1451 3555 pingues
1489 3482 1780 3554 campos
1835 3458 2178 3553 littusque
2213 3459 2426 3530 maris
2458 3458 2671 3530 habi-

527 3588 821 3660 tantium
898 3586 1064 3658 vitae
1142 3585 1703 3657 commoditatem
1782 3585 2001 3678 aegris
2080 3585 2299 3656 oculis
2373 3585 2663 3673 vidisse,

524 3722 859 3809 tantaque
898 3713 1078 3784 bona
1115 3722 1186 3784 ut
1225 3710 1355 3782 sibi
1387 3720 1718 3807 pararent
1757 3711 1945 3782 omni
1995 3733 2125 3805 ope
2175 3709 2411 3782 enisos
2454 3731 2611 3782 esse
2643 3712 2670 3779 Ζ

524 3840 683 3911 Non
720 3839 837 3910 hic
870 3839 1062 3909 locus
1093 3848 1199 3910 est
1226 3837 1465 3909 varias
1514 3835 1863 3908 referendi
1911 3834 2327 3931 populorum
2390 3836 2669 3931 migra-

590 4030 609 4065 1
640 4030 1009 4088 mammons,
1035 4028 1077 4086 1,
1102 4027 1164 4077 2:
1191 4024 1288 4091 Τῆς
1307 4030 1401 4094 γὰρ
1433 4024 1676 4094 ἐμπορίας
1697 4024 1790 4080 οὐκ
1831 4030 2004 4090 οὔσης,
2025 4025 2127 4081 οὐδ’
2152 4024 2488 4094 ἐπιμιγνύντες
2514 4023 2673 4087 ἀδεῶς

527 4105 838 4174 ἆλλήλοις,...
873 4109 1138 4174 νεμόμενοί
1170 4127 1226 4159 τε
1251 4112 1316 4160 τὰ
1340 4111 1507 4160 αὐτῶν
1541 4109 1748 4160 ἕκαστοι
1777 4112 1897 4160 ὅσον
1941 4107 2152 4174 ἀποζῆν,
2180 4111 2269 4161 καὶ
2310 4111 2666 4177 περιουσίαν...

525 4191 796 4258 χρημάτων
818 4185 911 4242 οὐκ
932 4191 1146 4255 ἔχοντες,
1173 4184 1286 4241 οὗδέ
1313 4195 1401 4254 γῆν
1424 4190 1729 4254 φυτεύοντες,
1766 4189 1946 4253 ἄδηλον
1983 4193 2037 4241 ὃν
2065 4191 2219 4242 ὁπότε
2243 4209 2313 4249 τις
2336 4190 2550 4242 ἐπελθὼν
2572 4191 2665 4241 καὶ

526 4268 812 4336 ἀτειχίστων
843 4270 947 4336 ἅμα
970 4272 1123 4322 ὄντων
1160 4269 1305 4329 ἄλλος
1337 4264 1734 4339 ἀφαιρήσεται»,
1773 4266 1830 4322 οὗ
1868 4275 2104 4336 χαλεπῶς·
2154 4268 2518 4331 ἁπαν-ἵσταντο,
2573 4272 2658 4322 καὶ

525 4355 590 4403 δι’
623 4347 742 4404 αὐτὸ
774 4354 885 4403 οὔτε
906 4352 1091 4417 μεγέθει
1109 4352 1300 4404 πόλεων
1322 4354 1518 4418 ἴσχυον,
1550 4355 1663 4405 οὔτε
1691 4358 1749 4428 τῇ
1779 4355 1899 4419 ἄλλῃ
1931 4357 2257 4426 πκρασκευῇ.
