3131 5037
1159 1788 1444 1865 CAPUT
1502 1791 1924 1866 OCTAVUM

572 2019 742 2077 QUID
780 2021 1122 2067 LYCURGO
1158 2024 1223 2066 IN
1261 2024 1749 2068 TEMPERANDA
1786 2024 2500 2071 LACEDAEMONIORUM

984 2113 1390 2161 REPUBLICA
1425 2116 1908 2161 TRIBUENDUM
1949 2117 2094 2160 SIT?

562 2384 881 2457 Vidimus
925 2384 998 2456 in
1036 2385 1458 2480 praecedenti
1505 2387 1734 2481 capite
1771 2409 1928 2480 quae
1966 2383 2223 2457 fuerint
2258 2369 2608 2456 Lacedae-

467 2536 668 2585 mone
715 2510 993 2586 diversa
1038 2512 1400 2585 hominum
1438 2536 1735 2607 genera;
1784 2522 2003 2586 restat
2045 2522 2119 2584 ut
2157 2535 2328 2608 quas
2359 2510 2610 2606 cuique

465 2648 701 2732 partes
728 2639 800 2708 in
830 2638 1382 2711 administranda
1412 2638 1768 2733 republica
1801 2638 2204 2717 attribuerit
2245 2638 2606 2732 Lycurgus

464 2764 967 2853 examinemus,
1013 2763 1460 2858 breviterque
1518 2762 1914 2835 definiendo
1969 2763 2401 2857 explicemus·
2444 2758 2610 2855 quid

393 2906 398 2911 ·
466 2889 775 2981 regibuS‚
798 2889 966 2983 quid
992 2889 1296 2977 senatui,
1316 2889 1482 2983 quid
1501 2890 1807 2960 comiciis
1828 2889 1917 2960 ab
1952 2889 2070 2958 illo
2099 2886 2312 2958 fuerit
2340 2867 2563 2979 i'mper
2587 2927 2611 2933 -

468 3016 703 3104 titum3
747 3014 1045 3106 ephoros
1096 3014 1211 3108 qui
1261 2993 1477 3087 inulto
1519 3014 1789 3107 tardius
1830 3038 2033 3109 quam
2069 3015 2394 3084 novimus
2433 3035 2610 3083 auc-—

466 3139 815 3209 toritatem
862 3137 1092 3232 adepti
1137 3149 1331 3229 sunt,
1373 3140 1625 3212 leviter
1665 3148 1935 3210 tanturn
1997 3138 2601 3232 praestringemus.

564 3264 859 3354 Jamque
905 3263 1211 3334 omnium
1244 3265 1541 3357 primum
1580 3265 1732 3334 haee
1772 3265 2076 3335 occurrit
2114 3261 2429 3358 quaestio,
2468 3262 2611 3331 sci-

467 3386 624 3456 licet
672 3385 855 3457 unde
904 3385 1160 3458 factum
1224 3389 1312 3458 sit
1366 3397 1442 3458 ut
1500 3387 1659 3458 duae
1709 3389 1929 3481 regiae
1976 3362 2266 3458 familiae
2336 3386 2611 3477 Spartae

469 3511 937 3605 reperiantur.

568 3634 905 3706 Gelzerus
985 3632 1264 3727 quidem
1340 3633 1544 3727 plura
1618 3636 1928 3727 bipartiti
2004 3638 2209 3728 regui
2286 3635 2612 3729 exempla

470 3759 731 3848 attulit,
765 3769 909 3830 tum
938 3760 1013 3828 in
1053 3758 1183 3827 hoc
1225 3756 1455 3829 libello
1501 3760 1839 3853 inscripto
1874 3761 1987 3829 De
2029 3784 2292 3830 earum
2328 3784 2494 3853 quaa
2531 3760 2611 3829 in

475 3883 906 3955 Graecorum
949 3881 1363 3956 civitatibus
1396 3895 1681 3978 proeter
1718 3887 2076 3980 Spartam
2127 3888 2615 3956 inveniuntur

470 4008 991 4080 diarchiarum
1023 4009 1380 4102 vestiyiis¹
1416 4036 1481 4099 »,
1509 4019 1652 4081 tum
1683 4033 1953 4105 quoque
1987 4012 2055 4080 in
2098 4012 2319 4083 altero
2358 4012 2503 4098 illo,
2540 4014 2615 4080 in

537 4268 555 4303 ¹
594 4268 650 4315 In
682 4267 774 4316 der
811 4267 890 4316 bei
923 4268 1128 4317 Curtius
1162 4269 1413 4331 Abgange
1453 4284 1550 4317 von
1583 4269 1861 4332 Gottingen
1899 4285 1996 4317 von
2035 4269 2127 4319 der
2164 4269 2402 4331 dortigen
2432 4267 2613 4332 philol.

474 4347 812 4405 Geselischast
842 4348 1095 4423 herausge
1111 4349 1332 4411 gebenen
1371 4349 1582 4405 Schrift.
1615 4349 1933 4413 Goettingen‚
1974 4349 2112 4403 1868,
